4192 6392
760 1195 916 1246 rnueons
938 1196 1143 1246 sannanim.
1435 1183 1473 1245 61

422 1374 507 1444 perat
518 1386 571 1425 nos
590 1386 730 1425 excusare
744 1368 897 1425 sufficeret.
937 1369 1084 1425 Gaetcrum
1097 1377 1126 1425 ct
1144 1369 1310 1426 sollicitudo
1322 1371 1477 1442 pastoralis
1507 1382 1560 1426 nu.
1570 1388 1627 1429 1187.

423 1456 509 1510 officii
535 1473 624 1526 quam
652 1454 824 1525 suscepistis
849 1454 932 1508 nobis
959 1453 1163 1509 confidentiam
1182 1460 1311 1526 praestat,
1332 1461 1362 1510 ct
1380 1455 1477 1509 servor·
1542 1435 1605 1487 My·

293 1542 369 1591 etv-⁴.
419 1540 546 1611 justitiae
577 1556 635 1610 quo
660 1556 712 1593 vos
738 1538 876 1594 accendat
910 1537 966 1605 Qui
992 1538 1142 1592 ministros
1180 1557 1248 1593 suos
1279 1539 1349 1593 facit
1377 1539 1476 1608 ignem

421 1630 564 1679 urentem.
604 1622 640 1676 In
652 1639 741 1676 causa
759 1622 836 1675 enim
850 1639 937 1692 quam
951 1621 1076 1692 agimus,
1092 1621 1161 1675 dum
1175 1621 1285 1691 judicis
1298 1622 1476 1677 attendimus

421 1708 600 1779 aequitatem,
617 1706 765 1776 judicium
785 1704 943 1759 formidare
961 1724 1018 1759 non
1031 1724 1197 1776 possumus.
1235 1705 1313 1760 Nam
1333 1713 1367 1762 ιιι
1378 1725 1475 1762 coram

421 1791 484 1845 Deo
496 1790 536 1846 sit
548 1790 655 1853 dicere,
671 1797 701 1843 et
719 1789 766 1844 cui
787 1789 904 1843 mentiri
922 1789 1003 1843 nefas
1023 1788 1158 1844 ducimus
1177 1791 1377 1861 inpraesentia
1395 1810 1475 1846 sanc·

419 1876 513 1931 titatis
526 1881 641 1939 vestra,
663 1892 753 1928 unum
773 1873 911 1944 potimus,
933 1873 1011 1944 quod
1024 1892 1084 1944 praa
1098 1874 1153 1929 Dei
1166 1875 1270 1929 timore
1289 1875 1475 1931 dissimulare
1488 1880 1618 1978 'l'ltes'pras

420 1976 477 2014 non
495 1959 646 2021 audemus,
661 1963 695 2012 nt
713 1956 933 2012 Oarrtuaricnsis
954 1957 1078 2011 ccclesia
1095 1957 1125 2010 in
1148 1964 1226 2013 statu
1247 1958 1332 2013 solito
1351 1961 1426 2014 bono
1446 1966 1476 2015 et
1488 1933 1645 2031 imiimi„

420 2050 500 2097 recto
524 2042 617 2114 possit
643 2059 823 2112 permanere.
872 2039 1018 2095 Caetcrum
1044 2041 1198 2111 quominus
1223 2048 1326 2111 gravet
1356 2060 1474 2098 manum
1488 2034 1638 2132 {mlow

421 2144 504 2182 suam
528 2142 616 2197 super
639 2143 692 2180 nos
717 2129 915 2196 paternoster
940 2129 969 2178 et
992 2123 1129 2179 dominns
1149 2126 1395 2198 archiepiscopus,
1421 2146 1474 2183 nec
1629 2120 1635 2133 ”

421 2210 576 2281 appellatio
595 2209 682 2264 efficit
706 2209 743 2263 ad
768 2226 820 2263 vos
848 2208 1028 2279 interpositu,
1055 2225 1108 2262 nec
1134 2209 1300 2280 apostolicus
1324 2212 1474 2267 munimen

421 2293 616 2365 protectionis.
654 2293 731 2347 Ecce
758 2292 846 2353 enim,
866 2298 932 2362 post
956 2291 1066 2346 litteras
1092 2298 1203 2348 vestras
1226 2299 1375 2365 susceptas
1401 2314 1473 2366 quas
1486 2299 1644 2358 apertum

422 2378 552 2441 misistis,
571 2382 614 2440 nt,
635 2377 725 2431 donec
746 2377 782 2430 dc
801 2394 890 2430 carisa
908 2376 1025 2445 cognita
1043 2378 1267 2445 cognosceretis,
1284 2378 1314 2431 in
1326 2385 1474 2434 eonstrnc-
1486 2352 1643 2451 ffiiffiiiiiffit

422 2462 497 2515 tione
510 2479 591 2514 novae
605 2478 693 2530 quam
708 2460 792 2529 juxta
810 2477 862 2513 nos
882 2459 971 2529 coepit
989 2459 1142 2514 desisteret
1160 2461 1301 2524 ecclesia,
1316 2467 1382 2532 post
1393 2481 1474 2516 mun·
1486 2450 1645 2550 Qffiffl'ff

422 2544 520 2599 datum
541 2545 629 2598 ctiam
649 2550 788 2607 vestrum,
809 2542 845 2596 de
865 2542 902 2596 iis
920 2560 985 2612 qum
998 2547 1064 2608 post
1077 2543 1299 2614 appellationem
1317 2546 1349 2599 in
1368 2547 1473 2616 praeju-
1486 2550 1619 2604 olsuophu

422 2628 530 2684 dicium
548 2632 681 2682 nostrum
700 2628 809 2682 lecerat
827 2627 857 2680 in
883 2632 991 2681 statum
1016 2627 1173 2697 pristinum
1199 2630 1379 2694 revocandis,
1400 2630 1473 2685 duos
1486 2603 1642 2697 {ifffflii}

422 2713 604 2776 olratribus
623 2712 703 2766 viros
730 2712 832 2781 utique
857 2710 1086 2773 honestissimos,
1108 2712 1158 2781 qui
1185 2728 1282 2766 rerum
1308 2718 1473 2769 nostrarum
1486 2701 1636 2797 {fflfflffil

422 2798 592 2852 exteriorem
611 2813 711 2850 euram
724 2795 857 2865 agebant,
873 2800 902 2848 et
913 2794 943 2847 in
957 2793 1052 2864 modu
1066 2811 1118 2848 suo
1131 2798 1190 2848 tam
1208 2794 1367 2865 prudenter
1385 2814 1473 2867 quam
1486 2802 1558 2869 topho
1568 2805 1642 2863 rrulc.

422 2880 545 2935 fideliter
568 2878 781 2942 ministrabant,
801 2894 854 2933 nec
878 2877 910 2931 in
922 2876 1058 2947 capitulo,
1079 2882 1112 2930 ut
1128 2878 1218 2931 moris
1240 2885 1286 2933 est
1306 2880 1473 2935 monasticas
1489 2852 1631 2905 (immi)

421 2964 620 3036 professionis,
639 2980 692 3018 nec
705 2969 794 3027 extra,
808 2961 855 3016 vol
868 2966 1035 3024 conventos,
1057 2962 1326 3028 excommunicavit,
1341 2970 1371 3018 et
1390 2965 1473 3019 nobis

422 3067 487 3104 cum
506 3049 594 3120 longe
612 3049 723 3119 positus
736 3047 882 3117 legatione
895 3046 1067 3116 fungeretur
1080 3046 1110 3099 in
1123 3045 1258 3101 Guallia¹
1272 3048 1380 3102 arctius
1394 3049 1473 3103 devi-

422 3133 524 3188 tandos
536 3131 730 3187 denunciavit.
770 3129 854 3197 Quod
866 3134 896 3184 et
907 3130 966 3184 alia
978 3148 1043 3200 qua>
1063 3130 1150 3183 etiam
1168 3134 1235 3201 post
1252 3130 1475 3202 appellationem

422 3216 500 3288 passi
520 3234 621 3271 sumus
640 3214 820 3286 gravamina,
835 3219 914 3268 tanto
932 3213 1034 3283 utiquo
1052 3212 1188 3268 videntur
1207 3215 1352 3284 graviora,
1368 3222 1475 3287 quanto

423 3301 458 3355 ab
478 3317 513 3354 eo
533 3300 697 3355 inferuntur
716 3299 766 3370 qui
789 3304 870 3370 pater
889 3304 987 3352 noster
1006 3302 1051 3351 est
1070 3302 1098 3351 et
1117 3302 1261 3368 protector
1280 3315 1344 3354 essa
1363 3300 1472 3356 debuit.

421 3383 535 3440 Verum
547 3389 577 3437 et
587 3383 642 3438 hoc
662 3382 810 3438 doloribus
828 3382 935 3437 nostris
954 3381 1100 3451 adjicitur,
1122 3382 1200 3453 quod
1218 3383 1275 3437 nisi
1293 3401 1344 3438 nos
1357 3384 1475 3441 Veritas

422 3468 600 3531 liberaverit,
615 3466 759 3539 quomodo
775 3466 895 3520 libcrari
907 3465 1057 3520 valcamus
1070 3483 1127 3519 non
1142 3465 1285 3531 videmus,
1305 3486 1371 3523 cum
1390 3487 1475 3525 veno·

422 3551 513 3606 randa
528 3550 669 3620 jussionis
687 3556 792 3605 vestrm
806 3550 943 3621 majestas
956 3548 1084 3603 nondum
1103 3549 1150 3603 vel
1169 3549 1205 3603 ud
1223 3554 1337 3623 ternpus
1350 3553 1475 3608 libera-rc

422 3634 617 3707 praevaluerit.
656 3634 732 3704 Quia
756 3634 833 3688 enim
852 3634 980 3696 abbates,
1001 3634 1108 3704 quibus
1127 3635 1295 3689 mandatum
1320 3642 1373 3700 est,
1391 3637 1475 3706 juxta
1488 3654 1627 3699 'rnonaon

423 3718 500 3790 quod
518 3718 688 3783 mandastis,
707 3718 878 3771 sententiam
898 3718 929 3771 in
948 3717 1075 3787 priorem
1095 3721 1124 3770 ct
1141 3718 1245 3776 fratres
1266 3725 1332 3789 post
1349 3721 1476 3791 appella·
1489 3708 1631 3800 {ffiffid

423 3803 529 3857 tionem
543 3802 580 3856 ad
597 3819 650 3856 vos
669 3801 870 3872 interpositam
883 3801 970 3854 etiam
990 3800 1108 3871 publice
1121 3801 1152 3854 in
1163 3801 1351 3857 multitudino
1369 3823 1476 3875 magna
1489 3805 1622 3851 tl¹⁰⁸oe0nd

422 3887 594 3940 elericorum
623 3890 652 3939 et
679 3885 820 3939 laicorum
844 3885 996 3954 prolatam,
1018 3884 1266 3939 denunciaverunt
1286 3904 1342 3941 non
1367 3894 1473 3954 tenero,
1489 3857 1604 3901 mmm

422 3971 462 4024 ita
480 3969 665 4025 contumeliis
684 3974 714 4023 et
730 3969 818 4023 minis
843 3967 936 4022 affecti
964 3973 1032 4022 sunt
1050 3976 1083 4022 ιιι
1100 3968 1240 4023 ulteriora
1258 3972 1362 4041 exequi
1386 3974 1476 4027 reior-

423 4054 542 4108 mident.
580 4052 792 4107 Verumtamen
811 4057 840 4105 ct
857 4051 937 4121 operi
967 4050 1045 4120 quod
1072 4053 1242 4107 artetur-itate
1267 4061 1364 4109 vestra
1388 4056 1475 4111 inter·

424 4137 600 4192 dictumest.
614 4154 651 4190 nc
663 4135 802 4207 procedat
813 4134 903 4190 donec
917 4134 988 4205 quid
1002 4135 1038 4188 de
1052 4135 1116 4205 ipso
1134 4136 1196 4189 fieri
1217 4137 1319 4191 debeat
1331 4142 1474 4206 statuatis,
1490 4166 1609 4211 stromen-

425 4221 518 4276 adhnc
538 4238 621 4292 aeque
640 4221 779 4275 insistunt
796 4237 829 4273 ac
851 4219 943 4289 prius.
982 4218 1114 4274 Verbum
1133 4226 1229 4274 autem
1249 4221 1285 4275 de
1298 4223 1477 4279 fraternitate
1489 4218 1624 4262 ‘memb

425 4322 512 4377 quam
530 4323 619 4360 causa
643 4304 723 4358 illius
745 4303 880 4357 dominus
905 4303 1142 4374 archiepiscopus
1167 4306 1326 4367 constitnit,
1347 4326 1404 4362 non
1428 4269 1645 4361 ola-iiotddffl‘r'

425 4387 690 4460 servandamque
715 4388 753 4443 ad
777 4405 868 4442 unum
895 4388 1001 4441 divites
1028 4394 1057 4442 ct
1081 4407 1225 4459 pauperes
1251 4391 1346 4444 animo
1365 4391 1431 4445 Ιιιιο
1450 4398 1479 4446 et
1490 4370 1596 4462 iffi*

424 4490 495 4528 aure
513 4480 610 4530 erecta
626 4473 803 4546 percipiunt,
824 4477 902 4527 tanto
920 4473 1022 4543 utique
1041 4489 1076 4526 ex
1095 4490 1129 4526 eo
1147 4473 1273 4527 laetiores
1291 4481 1400 4544 quanto
1418 4494 1478 4530 ma-

424 4566 499 4611 trem
512 4575 595 4613 snam
615 4556 854 4611 cantuariensem
874 4556 1028 4610 ecclesiam
1044 4573 1152 4626 magna
1172 4557 1378 4627 amplectentes
1392 4558 1477 4615 devo·

424 4642 512 4705 tione,
526 4641 562 4695 de
576 4641 695 4695 alterins
709 4640 922 4694 constructione
935 4639 1039 4709 majori
1052 4657 1178 4694 moerore
1190 4641 1362 4696 alliciuntur.
1391 4644 1478 4700 Sanc·

424 4725 518 4779 titatis
545 4741 618 4795 ergo
650 4729 756 4779 vestrm
781 4723 906 4793 genibus
934 4723 1074 4786 obvoluti,
1095 4723 1294 4794 supplicamus
1319 4744 1419 4783 omncs
1450 4736 1480 4784 et

423 4807 545 4879 singuli,
567 4815 707 4879 quatenus
726 4807 854 4862 tiliorum
872 4806 1054 4877 oppressioni
1075 4807 1168 4879 pietas
1193 4816 1314 4880 patema
1338 4812 1476 4875 intendat,

429 4988 505 4998 ...-
523 4990 527 4995 .
548 4989 563 4995 ..
786 4990 788 4994 .
926 4989 936 4995 -.
954 4989 971 4994 -
990 4988 1172 4996 ---....-.-..-
1187 4990 1251 4997 -..-

605 5097 611 5126 ¹
628 5092 747 5163 Gaudia]
767 5095 861 5159 Gellia,
870 5095 936 5158 MS..
948 5099 1086 5159 corrected,
1098 5098 1125 5147 in
1137 5099 1180 5149 the
1190 5099 1296 5165 margin.
