4192 6392
612 1144 676 1210 386
894 1156 1065 1206 sersronn
1087 1154 1375 1214 carmennum,

460 1339 582 1383 norma
612 1327 746 1381 ianuarii
774 1329 852 1382 riam
879 1329 1026 1382 universa>
1052 1327 1148 1381 curnis
1175 1327 1318 1397 ingresso,
1350 1331 1380 1379 et
1410 1325 1440 1379 in
1471 1324 1663 1378 Lateranensi

453 1389 586 1443 '¹⁸¹¹'m79'
611 1412 741 1476 basilica,
770 1413 846 1466 sicut
873 1413 963 1466 moris
988 1420 1043 1476 est,
1063 1411 1220 1465 honorifice
1238 1410 1402 1475 tumulato;
1423 1408 1528 1463 fratres
1556 1409 1662 1472 nostri,

443 1464 590 1576 fssffacdffi
609 1496 756 1561 videlieet,
776 1497 916 1567 episcopi,
938 1496 1114 1566 presbytcri,
1129 1500 1159 1549 et
1171 1494 1286 1549 diaconi
1304 1493 1465 1549 cardinales
1485 1500 1515 1547 et
1531 1510 1585 1546 nos
1604 1493 1664 1563 ipsi

442 1565 581 1660 :ggffiw
610 1581 699 1634 simul
726 1600 793 1635 oum
824 1581 866 1634 eis
897 1581 928 1633 in
959 1599 1051 1634 unum
1082 1580 1266 1642 secessimus,
1294 1587 1327 1633 ιιι
1356 1586 1436 1633 teuto
1466 1578 1602 1633 licentius
1634 1584 1665 1633 et

441 1666 589 1761 {hm
609 1665 703 1719 tutius
722 1666 758 1718 de
778 1663 985 1718 substitutione
1004 1664 1150 1733 pontificis
1169 1671 1372 1726 tractaremus,
1393 1669 1501 1733 quanto
1519 1668 1663 1716 tractatus

467 1769 572 1825 mom
592 1749 672 1819 'ipso
691 1749 832 1817 majorem
851 1748 1031 1801 deliberandi
1050 1748 1164 1818 copiam
1182 1755 1212 1802 et
1230 1748 1379 1818 amplioris
1393 1746 1663 1818 circumspectionis

609 1832 763 1887 eonsilium
775 1832 952 1901 requirebat.
992 1831 1136 1902 Cumque,
1150 1832 1306 1886 missarum
1319 1832 1497 1887 solemnibus
1510 1832 1541 1885 in
1553 1831 1664 1886 honore

610 1916 712 1971 Sancti
741 1915 868 1986 Spiritus
894 1916 1060 1980 celebratis,
1080 1916 1232 1987 requisita
1252 1917 1377 1971 luissent
1404 1915 1534 1970 omnium
1559 1915 1662 1970 volun·

608 2005 694 2064 tates,
715 1999 752 2054 ad
776 2000 1010 2054 insufficientiam
1034 2006 1165 2055 nostram
1185 1997 1284 2054 oculos
1309 1999 1509 2063 extenderunt,
1534 1999 1663 2052 humano

610 2083 708 2138 forsan
733 2084 911 2138 [estimantes
938 2084 1060 2138 arbitrio
1085 2084 1117 2137 in
1142 2085 1258 2139 sacculo
1282 2083 1436 2155 Beujamin
1454 2083 1597 2153 scyphum
1616 2100 1662 2136 ar·
1677 2092 1814 2140 cenabat

610 2174 749 2238 genteum
779 2167 928 2233 invenire3
960 2169 1031 2224 lieet
1061 2169 1162 2239 plures
1192 2186 1228 2222 ex
1256 2168 1327 2238 ipsis
1358 2167 1461 2232 aetafis,
1491 2167 1611 2230 ordinis,
1632 2173 1664 2221 et

609 2252 709 2306 meriti
735 2253 847 2307 ratione
873 2253 1039 2323 potuissent
1066 2253 1103 2307 ed
1127 2258 1215 2307 tantae
1240 2252 1392 2321 dignitatis
1411 2253 1524 2323 apicem
1542 2251 1663 2322 dignius

610 2335 734 2390 evocari.
784 2335 878 2406 Cujus
904 2336 1051 2407 siquidem
1079 2336 1233 2407 dignitatis
1259 2353 1331 2391 onus
1361 2355 1428 2390 eum
1458 2336 1665 2391 insufficientia

608 2427 709 2475 nostra
737 2420 855 2491 penitus
885 2427 1046 2484 recusaret,
1079 2426 1180 2492 utpote
1210 2421 1319 2475 nostris
1356 2420 1500 2474 debilibus
1530 2421 1663 2474 humeris

609 2503 805 2574 importabile,
838 2504 893 2558 sub
924 2504 1011 2558 Illius
1039 2510 1138 2558 tamen
1168 2503 1343 2559 confidentia
1373 2511 1403 2559 et
1432 2505 1574 2581 exemplo,
1605 2503 1663 2572 Qui

608 2588 808 2642 infirmitatem
835 2588 913 2643 beati
941 2589 1024 2644 Petri
1050 2589 1128 2643 trina
1152 2589 1235 2659 prius
1260 2589 1415 2659 negatione
1434 2589 1662 2660 comprobatam,

608 2677 676 2742 post
693 2671 778 2726 trinas
797 2671 990 2727 confessionis
1014 2690 1117 2728 vocem
1141 2672 1171 2726 in
1195 2672 1406 2743 gubernatione
1425 2691 1544 2727 suarum
1562 2672 1664 2727 ovium

609 2755 807 2820 confirmavit;
834 2754 912 2825 quod
930 2773 1062 2825 personae
1081 2762 1189 2811 nostras
1207 2755 1362 2826 multiplex
1380 2755 1561 2825 imperfectio
1576 2755 1665 2811 dene·

441 2854 479 2900 ΗΒ
554 2856 596 2901 ιω
608 2839 706 2908 gabat,
737 2839 769 2892 in
792 2837 892 2908 Ipsius
923 2839 1101 2894 contulimus
1131 2839 1320 2904 voluntatem,
1341 2839 1466 2894 fratrum
1495 2846 1664 2894 nostrorum

439 2867 587 3002 {hffiffi‘fin
607 2922 830 2994 adquiescentes
848 2922 1005 2987 instantiae,
1025 2941 1062 2977 ne
1080 2922 1235 2977 reluctatio
1254 2923 1393 2977 diuturna
1411 2922 1527 2977 discidii
1545 2929 1664 2994 pareret

439 3007 565 3058 mamae.
607 3006 826 3072 detrimentum,
858 3012 910 3060 aut
943 3005 1129 3078 dispositioni
1159 3005 1266 3061 divinae
1295 3006 1446 3062 videretur
1476 3006 1663 3077 aliquatenus

438 3059 575 3160 lima?
607 3090 741 3146 obviare:
772 3096 923 3162 sperantes
951 3091 1029 3162 quod
1056 3090 1113 3144 Ille
1139 3089 1196 3158 Qui
1221 3090 1272 3146 det
1295 3090 1429 3145 omnibus
1453 3091 1605 3146 affluenter
1632 3099 1807 3154 statamus

439 3160 517 3204 ‘lm'
606 3193 665 3229 non
682 3173 870 3246 improperat,
891 3173 947 3242 Qui
966 3174 1160 3229 novissimum
1174 3175 1308 3239 fratrum,
1323 3175 1421 3229 virum
1439 3176 1540 3248 utique
1559 3194 1664 3231 secun·
1676 3188 1687 3226 1
1698 3185 1814 3233 Samnii

607 3258 678 3313 dum
696 3275 746 3314 eor
765 3257 868 3324 Suum,
888 3257 919 3312 in
944 3275 1046 3330 regem
1074 3257 1110 3312 de
1137 3263 1205 3329 post
1228 3259 1362 3314 foetantes
1387 3259 1508 3332 accepit,
1528 3258 1564 3314 de
1588 3259 1664 3332 lapi·
1676 3239 1814 3349 {Qum

607 3342 694 3397 dibus
725 3343 879 3398 suscitabit
908 3341 1001 3396 filium
1031 3340 1168 3405 Abrahae,
1201 3359 1308 3397 vocans
1339 3359 1374 3397 ee
1404 3361 1469 3413 quae
1499 3361 1556 3397 non
1593 3352 1665 3401 sunt
1678 3341 1814 3412 Mutua}

606 3433 746 3497 tanquam
772 3444 807 3481 ea
834 3444 899 3496 quae
928 3433 1005 3488 sunt,
1026 3431 1059 3480 ut
1077 3425 1192 3480 infirma
1216 3425 1328 3496 eligens
1347 3427 1435 3482 fortia
1452 3445 1575 3498 quisque
1594 3446 1663 3484 con·
1677 3441 1814 3490 Resiluit

607 3511 717 3573 fundat.
765 3508 843 3565 N0s¹
875 3510 969 3581 igitur
993 3509 1199 3564 ecclesiastica
1230 3510 1404 3580 provisionis
1435 3511 1663 3568 sollicitudinem
1677 3533 1753 3577 Icor.
1761 3534 1777 3578 i.
1785 3537 1814 3579 ῃ,

607 3602 797 3659 assumentes,
813 3614 846 3649 ac
859 3595 1076 3649 considerantes
1095 3612 1147 3648 uos
1167 3612 1202 3647 en
1214 3595 1333 3664 propria
1344 3595 1512 3650 infirmitate
1525 3596 1662 3664 deficere,

607 3679 664 3733 nisi
691 3679 840 3748 suffragiis
868 3679 975 3733 vestris
1003 3686 1033 3732 et
1058 3678 1115 3749 piis
1143 3679 1279 3749 precibus
1307 3680 1384 3750 apud
1402 3679 1559 3734 Dominum
1578 3681 1664 3753 adju-

606 3781 719 3828 vemur,
750 3764 973 3818 universitatem
1004 3769 1133 3817 vestram
1163 3780 1316 3817 monemus
1347 3771 1377 3819 et
1406 3765 1593 3819 exhortamur
1631 3769 1661 3822 in

608 3847 743 3910 Domino,
764 3854 908 3916 <quatenus
935 3846 1012 3917 apud
1031 3847 1109 3900 Eum
1134 3866 1151 3900 a
1170 3845 1233 3915 Quo
1259 3866 1409 3918 speramus
1429 3849 1519 3919 dirigi
1537 3868 1661 3920 gressus

440 3940 586 3987 lleaskstho
609 3937 734 3995 nostros,
749 3931 875 3985 assiduis
895 3931 1074 3985 orationibus
1093 3931 1200 3986 vestris
1220 3931 1344 3997 instetis,
1364 3942 1398 3987 ιιι
1416 3952 1468 3988 nos
1487 3934 1524 3988 ad
1541 3936 1662 3991 laudem

440 3996 569 4085 {ssyffi‘s
608 4016 732 4069 nominis
760 4015 813 4069 Sui
833 4026 862 4070 et
880 4015 1011 4070 ecelesia)
1030 4016 1252 4081 incrementum,
1276 4017 1459 4072 commissam
1478 4018 1561 4074 nobis
1580 4022 1663 4076 solli-

439 4094 574 4145 ⁸¹¹l¹1¹fl⁰ffi
608 4099 768 4154 citudinem
793 4100 893 4154 taliter
920 4099 1043 4169 implere
1070 4099 1218 4165 concedat,
1238 4111 1272 4155 ιιι
1296 4109 1326 4155 et
1342 4120 1394 4156 nos
1413 4103 1516 4158 exinde
1534 4107 1664 4161 retribu-

608 4188 696 4243 tionis
722 4194 838 4243 oeternro
863 4189 1020 4257 praemium
1038 4205 1214 4253 mereamur,
1235 4196 1266 4243 et
1283 4190 1407 4260 populus
1426 4198 1532 4247 nostrae
1551 4195 1663 4264 guber·

607 4273 717 4327 nationi
745 4272 918 4328 commissus
945 4273 975 4326 in
1002 4272 1068 4342 lege
1097 4272 1302 4327 mandatorum
1320 4274 1393 4343 Ejus
1420 4294 1473 4346 per
1497 4294 1549 4331 nos
1569 4279 1663 4336 verbo

607 4358 740 4429 proficiat
759 4364 789 4413 et
807 4357 948 4429 exemplo.
978 4356 1041 4410 Nos
1061 4356 1140 4411 enim
1158 4375 1219 4422 VOS,
1243 4364 1382 4428 tunquam
1401 4359 1541 4430 speciales
1567 4365 1664 4419 eccle·

607 4443 659 4497 siae
677 4443 762 4509 filios,
783 4460 836 4512 per
861 4460 933 4512 quos
958 4458 1065 4494 nomen
1089 4439 1206 4494 Domini
1238 4441 1376 4511 dignius²
1401 4453 1432 4499 et
1467 4445 1662 4504 excellentius

606 4528 790 4597 praedicatur,
811 4534 891 4582 tanto
915 4526 1041 4595 amplius
1061 4525 1091 4578 in
1109 4525 1217 4580 vestris
1236 4527 1415 4582 intendimus
1434 4531 1662 4590 necessitatibus

607 4611 756 4682 adjuvare,
777 4617 885 4682 quanto
904 4610 934 4665 in
953 4610 1093 4679 majorem
1115 4608 1246 4664 ecclesias
1270 4611 1446 4666 redundaret
1463 4613 1613 4683 injuriam,
1636 4622 1663 4675 si

603 4695 673 4765 jura
698 4700 798 4750 restra
823 4694 1023 4765 quorumlibet
1042 4699 1193 4763 pateretur
1211 4693 1350 4750 violentia
1368 4699 1512 4767 occupari.
1550 4699 1662 4759 Datum

606 4783 752 4847 Laterani,
772 4802 800 4838 v.
821 4783 887 4837 idus
908 4782 1050 4836 Januarii.

639 4969 646 4999 ¹
665 4968 722 5017 The
752 4982 817 5031 copy
834 4967 865 5016 of
876 4966 928 5017 this
945 4967 1018 5017 letter
1028 4966 1056 5014 in
1068 4967 1200 5027 Heroden,
1211 4968 1295 5018 which
1306 4970 1330 5019 is
1341 4971 1475 5021 eddressed
1491 4979 1517 5021 to
1529 4972 1574 5024 the
1585 4978 1660 5027 areh-

605 5047 707 5112 bishops
719 5048 769 5096 and
781 5046 891 5110 bishops,
899 5046 944 5096 bas
956 5062 972 5096 a
982 5045 1100 5096 different
1110 5047 1213 5112 ending.

638 5128 648 5155 ²
665 5126 775 5191 dignius]
795 5125 936 5191 dirigimus
947 5125 1003 5177 MS.
