4192 6392
603 1161 667 1223 242
881 1172 1056 1222 1111110111
1079 1170 1370 1233 cssrusmussss,

452 1352 572 1397 annua
604 1345 635 1395 et
659 1342 697 1397 ad
723 1360 825 1413 pacem
849 1348 879 1399 et
897 1343 1024 1399 salutem
1041 1343 1172 1399 omnium
1190 1349 1357 1398 nostrorum
1375 1341 1469 1414 possit
1486 1339 1653 1412 procedere.

436 1415 575 1510 fflltffffi
606 1425 644 1480 In
661 1444 719 1497 quo
738 1428 857 1498 quidem
874 1428 976 1483 bortor
993 1447 1046 1484 vos
1064 1429 1097 1482 in
1121 1427 1239 1483 Christo
1263 1428 1347 1492 Jesu,
1367 1433 1398 1482 et
1420 1445 1473 1498 per
1496 1443 1549 1481 vos
1567 1424 1656 1480 caris·

436 1515 552 1569 humffltr·
607 1509 696 1565 simos
724 1512 831 1567 fratres
860 1518 985 1575 nostros,
1017 1512 1170 1566 unanimes
1201 1528 1266 1566 esse
1295 1511 1327 1565 in
1357 1510 1491 1573 Domino,
1522 1526 1560 1563 ne
1590 1508 1656 1579 quis

605 1598 738 1649 vestrum
756 1595 910 1666 glorietur,
924 1595 950 1650 si
969 1593 1040 1665 quid
1059 1595 1116 1649 sibi
1133 1612 1187 1665 pro
1205 1599 1272 1649 voto
1291 1593 1476 1656 successerit,
1490 1592 1543 1647 sed
1560 1592 1658 1662 magis

606 1677 710 1732 timeat
726 1697 763 1734 ne
781 1679 845 1734 zelo
863 1678 1066 1733 amaritudinis
1093 1678 1131 1733 ad
1148 1678 1269 1748 injurias
1286 1696 1345 1732 non
1367 1678 1399 1732 in
1422 1677 1480 1731 Dei
1503 1675 1556 1731 sed
1574 1693 1658 1730 suam

606 1762 740 1819 ardescat
757 1764 927 1819 vindictam.
965 1762 1114 1818 Humiliet
1131 1767 1230 1819 autem
1254 1780 1286 1817 se
1304 1762 1507 1832 unusquisque
1524 1765 1659 1816 vestrum

606 1845 639 1900 in
656 1853 813 1919 conspectu
829 1847 987 1911 Altissimi,
1013 1852 1043 1901 et
1061 1846 1140 1902 dicat
1164 1851 1232 1901 voto
1259 1852 1290 1901 et
1314 1863 1396 1911 voce,
1427 1848 1446 1873 “
1456 1844 1541 1900 Sicut
1568 1843 1660 1898 fuerit

608 1931 628 1956 “
646 1929 782 1986 voluntas
800 1931 832 1985 in
843 1930 927 1995 coelo,
940 1931 982 1984 ita
999 1929 1060 1996 fiat,
1080 1931 1150 2001 quia
1166 1947 1224 1985 nou
1241 1939 1288 1985 est
1305 1930 1357 2000 qui
1374 1933 1486 2000 pugnat
1503 1945 1557 1998 pro
1574 1926 1659 1981 nobis

608 2014 628 2040 “
647 2013 706 2068 nisi
723 2015 779 2079 Tu,
799 2014 880 2070 Deus
897 2013 1027 2070 noster.''
1066 2011 1167 2081 Quoad
1184 2031 1232 2067 me
1250 2030 1331 2077 vero,
1346 2030 1448 2082 pacem
1464 2029 1523 2066 non
1539 2010 1661 2066 habebit

607 2099 705 2154 anima
729 2118 804 2164 mes,
833 2100 924 2155 donec
952 2099 1030 2171 quod
1060 2098 1209 2154 desiderat
1237 2098 1273 2153 de
1298 2115 1369 2168 pace
1396 2102 1496 2153 vestra
1521 2096 1657 2150 audierit.

440 2193 479 2238 110
486 2193 557 2246 hopes
606 2181 782 2248 Plurimum,
803 2185 880 2239 sieut
896 2189 996 2238 tamen
1012 2201 1091 2238 nunc
1114 2189 1221 2253 potest,
1246 2182 1411 2237 consolatur
1429 2198 1448 2236 a
1464 2180 1660 2235 consolatione

440 2245 575 2297 ‘mm‘
708 2267 828 2331 ,multo
854 2267 996 2338 majorem
1019 2267 1246 2323 consolationem
1264 2266 1410 2330 habitura,
1430 2282 1498 2318 cum
1516 2263 1662 2334 placuerit

436 2327 596 2440 ffifficlfl
608 2349 671 2405 Deo
699 2368 764 2405 eam
791 2350 827 2406 de
854 2360 954 2406 vestra
982 2350 1108 2422 pleniori
1139 2350 1334 2406 consolatione
1363 2348 1479 2419 plenius
1505 2347 1658 2402 consolari.

437 2445 548 2489 11111001
607 2433 699 2489 Plane
718 2453 736 2489 a
752 2434 864 2490 visione
890 2452 979 2506 quam
1003 2434 1124 2505 quidam
1147 2434 1184 2489 de
1208 2435 1316 2489 nostris
1332 2433 1410 2489 vidit
1426 2433 1458 2486 in
1476 2432 1586 2487 somnis
1603 2449 1660 2485 non

438 2497 563 2590 ffl'fyffi,
606 2518 734 2574 multum
763 2525 829 2574 ante
859 2520 913 2574 hos
943 2519 1017 2583 dies,
1049 2519 1106 2574 Dei
1136 2518 1367 2574 misericordiam
1403 2516 1560 2572 affuturam
1596 2532 1660 2571 esse

439 2597 557 2643 mm·
608 2602 765 2673 sperabant
795 2604 847 2674 qui
877 2620 945 2657 eum
975 2603 1140 2658 audierunt.
1186 2603 1279 2658 Visus
1309 2607 1355 2657 est
1385 2601 1463 2655 enim
1492 2600 1579 2654 homo
1609 2598 1660 2653 ille

608 2684 711 2741 videre
739 2690 915 2741 conventum
934 2686 1176 2741 cantuariensem
1201 2686 1285 2740 binos
1304 2684 1387 2739 binos
1405 2683 1660 2755 processionaliter

606 2768 661 2834 ire,
689 2769 850 2824 multorum
878 2769 1012 2840 singulos
1038 2770 1070 2824 in
1094 2769 1218 2841 occipite
1245 2769 1363 2839 singula
1389 2766 1562 2831 (1101011010,
1583 2772 1613 2822 01
1629 2766 1660 2820 in

607 2852 736 2923 singulis
749 2853 963 2909 diadematibus
983 2854 1116 2924 singulas
1135 2871 1237 2908 cruces
1256 2853 1342 2907 serre.
1369 2850 1453 2906 Alios
1471 2851 1562 2905 etiam
1580 2850 1659 2906 simi·

606 2936 676 2992 liter
695 2955 784 3008 super
801 2937 898 3007 capita
922 2955 976 2992 sua
997 2937 1130 3008 singulas
1149 2936 1288 2992 ecelesias
1314 2936 1452 3007 parvulas
1477 2934 1516 2989 ad
1541 2935 1660 2989 modum

608 3019 712 3074 scrinii
737 3026 864 3091 portare,
885 3021 1052 3076 sublimiori
1076 3038 1148 3075 voce
1173 3020 1316 3076 cantando
1343 3019 1413 3074 “Te
1438 3019 1536 3074 Deum
1562 3017 1661 3073 lauda·

609 3105 628 3130 “
641 3103 739 3168 mus,’'
753 3104 878 3174 pulsatis
891 3104 995 3159 adhoc
1007 3108 1038 3159 et
1050 3104 1274 3159 consonantibus
1291 3103 1386 3158 tribus
1399 3103 1493 3173 siguis
1505 3102 1661 3157 admodum

607 3187 705 3243 claris.
744 3187 829 3256 Quod
847 3187 968 3259 quidem
985 3193 1020 3243 ut
1038 3188 1184 3243 somnium
1208 3189 1290 3259 prius
1314 3206 1373 3242 non
1389 3187 1517 3242 multum
1534 3185 1658 3248 adverti,

608 3288 762 3342 quousque
789 3271 978 3326 nunciaretur
1004 3271 1078 3326 mihi
1105 3270 1141 3325 de
1163 3271 1328 3327 conditione
1346 3277 1377 3327 et
1394 3288 1533 3341 processu
1549 3269 1661 3341 negotii

607 3355 707 3411 vestri.
745 3354 874 3426 Spiritus
887 3355 1006 3411 Domini
1023 3354 1136 3427 repleat
1152 3373 1205 3411 vos
1225 3354 1285 3410 Suo
1303 3355 1425 3411 consilio
1437 3364 1467 3410 et
1479 3353 1659 3410 fortitudine.

808 3589 921 3644 CCLX.
962 3590 1020 3644 Suo
1039 3606 1116 3654 susa,
1138 3605 1314 3644 susurrum
1334 3590 1461 3644 Domo.

440 3739 577 3801 rhqmpr
643 3722 681 3774 In
698 3723 851 3793 naufragio
869 3741 942 3776 navo
962 3724 1117 3787 confracta,
1133 3725 1223 3778 solius
1243 3724 1298 3777 Dei
1317 3723 1494 3795 expectanda
1512 3731 1558 3778 est
1575 3724 1660 3777 mise·

439 3791 574 3884 ffigfflffi
607 3805 742 3859 ricordia.
780 3806 819 3860 Et
837 3805 888 3859 ubi
912 3804 1010 3859 deficit
1034 3807 1161 3860 humana
1187 3807 1340 3872 industria,
1361 3809 1402 3862 ibi
1427 3808 1489 3863 sola
1511 3813 1661 3879 supportat

439 3894 503 3986 tffit
512 3892 537 3934 in
608 3889 796 3958 naufragium
813 3889 906 3958 pietas
925 3888 1032 3943 diviua.
1072 3891 1118 3943 lbi
1142 3892 1173 3943 in
1195 3910 1309 3946 summo
1328 3893 1415 3946 etism
1434 3902 1569 3963 speratur
1587 3892 1661 3962 peri·

498 3955 596 3996 mm
608 3973 683 4036 sule,
704 3972 755 4025 ubi
775 3990 889 4025 summa
906 3974 1034 4027 occurrit
1052 3973 1225 4044 desperatio.
1262 3976 1308 4029 Ibi
1328 3978 1416 4030 etium
1439 3976 1660 4030 1101011111εοὶ-

607 4061 658 4110 tur
676 4056 811 4109 misereri
830 4055 921 4119 Deus,
941 4056 992 4110 ubi
1010 4057 1128 4111 videtur
1148 4058 1177 4111 in
1194 4059 1239 4112 ira
1255 4059 1486 4115 misericordium
1505 4061 1660 4114 continere.

607 4140 650 4193 Ut
676 4139 832 4194 inclinetur
859 4157 894 4193 ex
919 4141 974 4193 hoc
1000 4141 1031 4193 in
1057 4141 1140 4207 illud,
1169 4143 1232 4213 agit
1257 4145 1358 4213 utique
1384 4145 1507 4198 mutatio
1535 4144 1660 4198 dextere
1673 4145 1787 4196 Pslmlll

608 4223 734 4286 Excelsi,
758 4222 793 4276 de
822 4222 914 4293 Cujus
940 4223 970 4276 in
994 4225 1050 4278 hac
1077 4232 1159 4295 parte
1185 4232 1245 4280 tam
1271 4245 1372 4281 severo
1397 4227 1509 4297 judicio
1535 4246 1601 4292 non,
1628 4233 1661 4281 111
1672 4209 1702 4248 ¹⁰‘

608 4307 704 4372 credo,
726 4306 806 4360 aliud
831 4313 876 4360 est
896 4307 1099 4376 judicandum,
1127 4327 1214 4379 quam
1239 4311 1316 4380 quod
1339 4312 1485 4365 humiliati
1510 4331 1611 4366 sumus
1630 4311 1660 4364 in

607 4392 820 4462 iniquitatibus,
847 4392 953 4461 quibus
971 4392 1119 4447 Altissimi
1144 4395 1298 4448 eonsilium
1323 4397 1569 4450 exacerbavimus.
1617 4395 1660 4449 De

608 4476 775 4540 caeteruin
792 4480 853 4530 tam
874 4476 962 4530 certis
981 4477 1120 4546 periculis
1147 4478 1218 4548 quid
1244 4486 1356 4533 certum
1382 4486 1481 4550 potero
1501 4481 1660 4541 consulere,

608 4560 660 4613 ubi
679 4567 792 4614 eertum
810 4565 856 4613 cst
873 4571 895 4613 a·
908 4560 1002 4629 capite
1020 4561 1191 4631 languorem
1204 4562 1388 4628 descendere,
1404 4572 1433 4618 et
1451 4583 1469 4619 a
1486 4565 1587 4619 morbo
1600 4564 1662 4617 uni·

439 4655 584 4717 nectunt
609 4643 758 4698 versitatis
786 4644 904 4714 singula
928 4644 1060 4699 membra
1085 4644 1233 4701 defluere?
1269 4647 1421 4717 Regnanto
1446 4650 1592 4704 scelerum
1610 4649 1661 4701 im·

443 4708 598 4800 fflfflff
610 4728 749 4782 munitate
769 4727 836 4781 silet
855 4727 938 4781 sedes
958 4729 1135 4798 apostolica;
1162 4731 1314 4785 ecelesiam
1338 4733 1490 4788 absorbuit
1507 4733 1663 4787 infidelitas

443 4807 590 4903 &wil
611 4811 809 4866 Orientalem:
838 4809 980 4865 Occidens
1009 4813 1098 4867 deflet
1128 4813 1345 4870 cantuariensis
1376 4818 1507 4871 ecelesia
1537 4817 1661 4871 ruinam.

470 4934 474 4943 ·
559 4889 565 4902 ’
612 4896 731 4950 Justum
751 4901 781 4950 et
798 4912 915 4965 aequum
934 4897 1018 4965 quasi
1036 4897 1067 4950 in
1086 4897 1197 4953 diluvio
1218 4899 1327 4953 delevit
1349 4901 1500 4970 iniquitas.
1537 4900 1581 4955 De
1597 4902 1664 4972 jure

611 4981 692 5052 loqui
709 4999 875 5052 possumus,
896 4981 949 5036 sed
972 4982 1014 5035 nil
1039 4986 1188 5054 consequi,
1207 4986 1384 5056 prevalente
1402 4988 1550 5043 violentia.
1589 4983 1665 5055 Quid

612 5065 727 5134 igitur?
775 5065 905 5136 Abjiciet
935 5071 1036 5137 pastor
1067 5086 1190 5140 gregem
1220 5086 1316 5138 suum,
1336 5069 1406 5142 lupo
1432 5069 1587 5143 rapiente?
1618 5067 1665 5126 sel
