4192 6392
514 1150 579 1216 248
799 1162 970 1213 samsona
991 1161 1277 1222 cmrvnmuvsns

364 1342 485 1391 &ll-¹¹⁸8·
513 1347 689 1412 curavimus,
709 1353 739 1403 et
756 1352 837 1403 tauto
853 1346 949 1417 magis
975 1346 1013 1402 ad
1038 1363 1140 1417 pacem
1158 1349 1188 1399 et
1204 1343 1387 1400 concordiam
1411 1344 1493 1399 inter
1510 1360 1568 1400 vos

343 1406 478 1504 fflssffl
512 1431 727 1487 reformandam
743 1432 950 1494 laboravimus,
971 1438 1079 1501 quanto
1104 1430 1198 1500 ipsius
1222 1445 1377 1500 personam
1395 1433 1426 1483 et
1442 1429 1567 1483 univer·

344 1510 453 1605 {affige
514 1516 630 1570 sitatem
648 1522 776 1570 vestram
803 1515 970 1570 sincerioris
994 1514 1126 1569 caritatis
1150 1512 1257 1568 affectu
1280 1513 1433 1583 hucusque
1459 1530 1568 1567 sumus

346 1609 486 1665 arohbuuop
515 1599 679 1670 amplexati.
717 1599 883 1654 Habuimus
904 1605 1002 1653 autem
1027 1599 1060 1653 in
1085 1598 1243 1668 responsis,
1262 1597 1409 1651 neminem
1435 1598 1507 1668 plus
1533 1616 1571 1654 eo

346 1660 473 1765 {fugantes
514 1684 750 1738 reformationem
768 1683 848 1754 pacis
865 1682 1010 1745 affectare,
1029 1683 1186 1753 ipsumque
1210 1681 1284 1735 nihil
1310 1682 1440 1735 rancoris
1459 1682 1569 1737 advar-

517 1786 567 1823 sus
585 1786 637 1822 vos
655 1767 833 1839 concepisse,
853 1766 904 1821 sed
922 1766 1047 1837 diligere
1065 1784 1117 1820 vos
1141 1767 1173 1820 in
1196 1766 1358 1820 visceribus
1386 1764 1512 1830 Christi,
1532 1772 1565 1821 et
1672 1830 1677 1842 ¹

348 1843 505 1939 ξᾞὲὲθῐ
516 1869 617 1923 pacem
630 1857 659 1906 et
671 1851 800 1921 quietem
810 1856 940 1905 vestram
957 1851 1071 1905 ardenti
1089 1850 1171 1904 sitire
1190 1850 1345 1912 desiderio,
1359 1850 1432 1903 etin
1444 1851 1571 1906 caritate
1584 1831 1684 1877 “m

347 1906 385 1987 ml·
516 1953 575 1990 non
598 1934 681 2001 ficta3
709 1935 756 1990 his
783 1934 900 2005 adjecit,
928 1934 1049 1989 arbitrio
1074 1934 1167 2004 ipsius
1195 1935 1225 1988 in
1251 1934 1320 1988 sede
1345 1934 1567 1999 cantuariensi,

348 1996 614 2089 {fflfflffwallatae
632 2024 701 2073 sunt
719 2019 747 2072 ei
771 2020 868 2073 claves
895 2018 1054 2073 officiorum
1072 2024 1247 2081 vestrorum,
1267 2025 1297 2072 et
1322 2017 1359 2072 ad
1384 2019 1477 2087 pedes
1502 2020 1570 2089 ejus

348 2095 498 2187 &utapro-
517 2102 664 2173 projectae,
683 2109 718 2156 nt
735 2119 784 2156 eas
801 2101 1021 2173 provoluntate
1049 2120 1103 2156 sua
1127 2101 1233 2171 quibus
1250 2101 1341 2156 vellet
1364 2101 1569 2166 distribueret,

348 2158 465 2239 lddffim
519 2187 596 2241 sicut
625 2202 725 2240 omnes
750 2185 978 2256 praedecessores
1005 2186 1061 2248 sui,
1089 2190 1207 2256 excepto
1234 2185 1316 2239 bonae
1342 2187 1494 2240 memorias
1521 2187 1573 2242 de·

517 2287 634 2324 cessere
652 2268 853 2334 suoRicardo,
873 2269 924 2340 qui
941 2276 1080 2338 tanquam
1098 2287 1174 2323 nnus
1201 2286 1236 2321 ex
1260 2269 1344 2323 vobis
1362 2270 1392 2323 in
1410 2270 1465 2324 hac
1484 2277 1585 2342 parte.

518 2353 601 2409 vobis
620 2352 774 2417 detulerat,
788 2371 837 2408 eas
855 2352 1031 2408 distribuere
1050 2357 1269 2407 consueverant.
1308 2353 1352 2407 De
1364 2354 1485 2422 capellas
1498 2372 1571 2410 vero

519 2455 602 2493 novae
621 2437 844 2502 constructione,
864 2436 941 2490 unde
958 2437 1035 2490 inter
1060 2454 1113 2490 vos
1141 2438 1288 2491 contentio
1305 2444 1360 2500 est,
1380 2438 1430 2501 uit,
1450 2438 1573 2494 beatum

349 2506 508 2601 {lfflfflll
519 2521 693 2576 Anselmum
706 2520 850 2591 qnondam
863 2520 1102 2575 cantuariensem
1120 2520 1369 2591 arehiepiscopum
1388 2522 1574 2592 propositum

350 2588 429 2653 anos.
439 2610 496 2654 Tho
520 2605 657 2660 habuisse
676 2604 817 2675 capellam
833 2602 1019 2658 construendi
1031 2604 1063 2657 in
1075 2603 1176 2658 eodem
1189 2604 1268 2669 loco;
1288 2604 1373 2674 eujus
1386 2606 1573 2675 propositum

351 2659 500 2756 fflfflgn'
520 2688 623 2743 beatus
651 2693 681 2742 et
705 2687 851 2757 gloriosus
878 2692 991 2757 martyr
1016 2687 1142 2741 'l'homas
1172 2686 1332 2758 adimplere
1362 2689 1494 2759 cupiens,
1525 2708 1572 2746 ca·

352 2760 500 2805 uuldsnnw
521 2772 630 2843 pellam
647 2771 757 2842 incepit
774 2776 951 2833 construere,
972 2768 1023 2823 sed
1047 2777 1215 2840 praeventus
1233 2772 1373 2840 martyrio
1398 2789 1457 2826 non
1474 2775 1574 2843 potnit

350 2810 450 2863 ebusum
462 2814 509 2857 aud

353 2861 456 2907 thartha
520 2873 593 2927 opus
620 2872 831 2909 consummare.
877 2854 989 2909 Verum
1014 2853 1093 2917 licet,
1114 2872 1202 2909 causa
1228 2872 1281 2909 sno
1307 2854 1404 2908 Marte
1422 2862 1572 2922 currente,

350 2916 475 3009 ffifl‘bss
522 2940 595 2994 adeo
621 2938 746 2993 confidat
771 2937 807 2991 dc
829 2937 897 3009 jure
923 2955 986 2999 suc,
1014 2944 1049 2991 ut
1075 2938 1190 2992 nullum
1216 2937 1315 2994 eredat
1341 2939 1397 2992 sibi
1416 2940 1573 2996 imminere

352 3015 484 3109 ffifffim
519 3022 597 3092 juris
616 3022 663 3075 sui
680 3021 875 3093 dispendium,
895 3028 1015 3090 paratus
1033 3027 1132 3075 tamen
1157 3028 1202 3076 est
1226 3023 1258 3075 in
1276 3023 1411 3087 arbitros,
1432 3022 1575 3080 videlicet

355 3096 501 3167 Hatsmdsv
522 3107 554 3160 in
571 3124 726 3177 personam
742 3112 882 3170 nostram,
898 3123 985 3174 quam
1003 3123 1075 3173 erga
1095 3105 1320 3160 universitatem
1331 3112 1458 3160 vestram
1478 3108 1575 3163 credit

352 3168 509 3261 {lbl‘fifflff
521 3190 629 3245 habere
646 3207 705 3243 non
722 3189 866 3243 modicam
884 3188 1075 3251 affectionem,
1089 3193 1119 3242 et
1136 3189 1167 3242 in
1185 3189 1258 3243 duos
1277 3190 1427 3259 episcopos
1446 3190 1483 3244 de
1495 3191 1574 3246 Nor·

521 3273 648 3337 mannia,
668 3278 699 3327 et
715 3272 789 3328 duos
807 3272 843 3327 de
861 3271 979 3341 Anglia,
993 3271 1041 3324 vel
1059 3272 1090 3324 in
1109 3272 1182 3326 duas
1201 3272 1412 3327 ecclesiasticas
1431 3291 1574 3344 personas

522 3375 589 3427 quae
607 3375 666 3411 non
685 3357 745 3411 siut
762 3356 799 3411 de
827 3373 947 3426 corpore
965 3361 1073 3418 vestro,
1094 3362 1124 3409 et
1142 3354 1214 3409 duas
1235 3355 1333 3419 laicas,
1357 3357 1472 3412 scilicet
1494 3358 1574 3413 Ran-

523 3440 638 3496 dulsum
656 3440 805 3494 dominum
823 3440 859 3494 de
879 3438 1033 3501 Glanvilla,
1055 3446 1084 3493 et
1108 3437 1258 3492 dominum
1283 3439 1433 3510 Rogemm
1452 3442 1576 3497 trabem

523 3530 663 3587 vestrum,
691 3524 740 3577 vel
765 3523 838 3578 duas
864 3523 936 3577 alias
960 3522 1128 3591 hujusmodi
1159 3522 1306 3592 legitimas
1331 3541 1471 3594 personas
1500 3544 1574 3597 quas

524 3612 634 3681 eligere
661 3610 824 3673 volueritis,
851 3610 935 3664 nobis
966 3610 1078 3673 accit-is,
1102 3611 1347 3681 compromittere,
1368 3617 1467 3665 ratum
1491 3614 1576 3669 habi·

523 3699 608 3749 turus
627 3692 768 3763 quicquid
792 3711 845 3747 nos
872 3711 960 3762 super
987 3694 1116 3763 querelis
1134 3693 1242 3748 vestris
1261 3693 1409 3748 bonafide
1428 3696 1575 3752 fuerimus

524 3777 666 3832 arbitrati.
717 3774 871 3831 Ordinabit
900 3777 988 3830 etiam
1018 3777 1169 3848 capellam,
1195 3777 1273 3847 quod
1302 3779 1333 3830 in
1362 3778 1445 3831 nulla
1462 3785 1576 3835 taritam

524 3859 668 3914 habebitis
703 3857 918 3926 subjectionem,
943 3878 997 3913 nec
1032 3861 1132 3931 aliqua
1164 3860 1237 3915 adeo
1271 3862 1465 3917 constituetur
1491 3864 1576 3919 vobis

524 3943 647 3997 obnoxia
665 3941 742 3995 sicut
766 3941 827 4005 illa,
848 3947 878 3996 et
896 3944 1092 3998 omnimodam
1119 3945 1270 4015 praestabit
1287 3946 1460 4005 cautionem.
1481 3954 1512 4002 et
1533 3967 1578 4003 se·

525 4026 680 4081 curitatem
709 4024 912 4081 cantuariensi
938 4027 1069 4081 eeclesiae
1097 4033 1126 4081 et
1150 4027 1234 4082 vobis
1260 4033 1370 4082 tantam
1397 4030 1575 4099 providebit,

525 4107 604 4180 quod
622 4107 845 4162 succedentibus
869 4111 1051 4180 temporrbus
1070 4110 1105 4164 de
1130 4111 1228 4181 aliquo
1247 4111 1397 4182 dispendio
1415 4131 1475 4167 non
1493 4132 1578 4184 opor-

524 4196 599 4251 tebit
615 4213 668 4250 vos
688 4194 854 4250 formidare.

556 4421 734 4479 CCLXVII.
773 4423 959 4481 Recruunnus
977 4427 1190 4481 Barnosrsssu
1208 4441 1354 4481 urrscorns
1373 4427 1543 4483 Coxvsurur

935 4509 1160 4566 Csurvnnrsxsu

358 4646 498 4710 'l'hebtsticp
563 4634 622 4690 Pro
640 4634 781 4692 varietate
808 4656 918 4702 rerum,
938 4657 1092 4694 causarum
1111 4648 1141 4695 et
1167 4647 1341 4711 temporum,
1370 4644 1521 4694 mutentur
1549 4648 1579 4696 et

359 4698 481 4743 ⁰¹¹³²lh¹⁸
527 4720 678 4774 variantur
703 4725 795 4775 status
820 4723 1012 4793 negotiorum.
1052 4724 1088 4777 Id
1114 4726 1263 4789 nimirum,
1283 4742 1336 4794 per
1355 4724 1410 4777 Dei
1438 4725 1577 4794 gratiam,

453 4864 466 4889 ῃ
529 4809 637 4858 statum
654 4811 786 4859 vestrum
804 4804 933 4859 reddidit
957 4807 988 4860 in
1014 4807 1119 4861 melius
1147 4814 1364 4862 commutatum.
1404 4806 1579 4879 Superque

528 4904 596 4941 cum
631 4889 785 4943 consilium
820 4896 952 4943 nostrum
983 4890 1171 4946 decreveritis
1207 4891 1408 4963 expetendum,
1442 4892 1513 4962 qnia
1548 4893 1580 4946 in

528 4971 672 5035 omnibus,
687 4978 828 5043 quantum
841 4991 907 5027 eum
920 4972 983 5027 Deo
996 4975 1149 5029 obrutione
1161 4993 1326 5045 possumus,
1340 4975 1423 5029 vobis
1441 4976 1578 5031 volumus

527 5055 673 5120 assistere,
692 5056 884 5127 praesentibus
902 5056 1010 5112 litteris
1028 5058 1111 5113 vobis
1130 5059 1313 5114 commodum
1331 5058 1467 5114 duximus
1487 5059 1579 5131 signi·
