4192 6392
628 1172 693 1237 164
910 1181 1085 1234 sansone
1107 1181 1394 1246 commissas,

475 1365 595 1410 anons.
628 1368 714 1426 sunt3
729 1361 905 1416 abominatio
918 1360 988 1414 sacti
1001 1358 1137 1422 divitum,
1149 1374 1293 1430 pauperes
1305 1361 1335 1413 et
1343 1355 1470 1412 mendici
1482 1355 1679 1428 eleemosynis

460 1417 595 1530 Tffl'f'
627 1447 755 1501 uiximus
768 1453 798 1501 et
808 1445 902 1500 adhuc
915 1444 1043 1500 vivimus
1056 1460 1219 1515 pauperum
1226 1449 1256 1498 et
1268 1442 1505 1497 mendicantium.
1536 1440 1581 1497 De
1594 1447 1680 1497 tanta

458 1531 567 1626 laist-80¹¹
628 1531 705 1584 enim
723 1548 821 1584 rerum
846 1529 996 1600 opulentia
1021 1527 1059 1582 ad
1084 1533 1196 1582 tantam
1222 1526 1333 1582 redacti
1358 1544 1459 1581 sumus
1484 1525 1623 1597 inopiam,
1642 1531 1680 1581 ut

482 1593 524 1624 'm'
627 1632 732 1687 panem
757 1621 891 1669 nostrum
919 1613 1151 1684 qualemcunque
1169 1611 1219 1666 vix
1244 1611 1275 1665 in
1302 1611 1454 1666 saturitate
1478 1610 1677 1674 comedamus,
1691 1626 1766 1671 Eion
1774 1627 1812 1671 m,

627 1700 759 1755 bibentes
779 1699 815 1754 de
833 1698 924 1752 calice
941 1703 1059 1769 patrum
1083 1701 1259 1759 nostrorum,
1280 1694 1375 1751 adhuc
1398 1701 1494 1751 tamen
1513 1694 1678 1750 esurientes
1691 1708 1812 1755 anans

628 1790 658 1839 et
675 1784 807 1838 sitientes
822 1781 979 1852 justitiam,
1000 1797 1088 1852 quam
1105 1779 1190 1833 nobis
1217 1784 1316 1835 vestra
1338 1797 1396 1834 non
1419 1778 1595 1851 dedignetur
1621 1778 1679 1834 irn-

627 1868 752 1939 peudere
783 1866 946 1929 clementia,
975 1870 1010 1920 nt
1038 1863 1070 1918 in
1100 1869 1229 1918 extremo
1256 1863 1387 1918 examine
1418 1862 1531 1935 quando
1557 1863 1812 1934 justitiariam

628 1957 814 2008 convertetur
837 1951 869 2005 iu
895 1949 1052 2021 judicium,
1078 1965 1096 2002 a
1119 1947 1202 2019 justo
1228 1947 1333 2002 Judice
1362 1947 1511 2018 recipiatis
1539 1961 1807 2007 coronamentum.

624 2037 758 2108 justitiae.
803 2035 937 2090 Priorem
967 2039 997 2089 et
1025 2033 1134 2089 fratres
1164 2039 1289 2095 nostros,
1327 2031 1433 2103 quibus
1471 2049 1589 2087 eausam
1619 2031 1678 2088 Dei

485 2126 591 2170 tatw-
629 2128 659 2177 ct
680 2120 810 2175 ecelesiae
834 2119 965 2174 unanimi
996 2135 1139 2174 consensu
1164 2116 1373 2181 commisimus,
1401 2116 1478 2172 sedis
1509 2116 1678 2188 apostolicas

460 2203 523 2255 ’ΠΜ
530 2214 590 2245 00111·
628 2205 777 2262 sanctitati
795 2204 1015 2267 committimus,
1035 2220 1135 2258 omnes
1154 2209 1184 2256 et
1202 2201 1312 2272 singuli
1329 2207 1467 2272 rogantes
1485 2201 1629 2265 obnixius,
1641 2211 1680 2256 nt

460 2253 578 2297 mendthe
631 2291 637 2302 ,
695 2291 701 2302 ,
824 2289 830 2300 .
869 2289 876 2300 .
1010 2289 1016 2300 .
1244 2286 1278 2298 ..
1416 2287 1422 2298 .
1648 2286 1654 2298 .

476 2305 523 2346 rior
530 2305 576 2347 aad
628 2296 737 2345 rntnrtu
756 2288 878 2358 glomosr
896 2295 1034 2360 martyris
1053 2287 1180 2351 Thomas,
1201 2305 1252 2357 qur
1270 2305 1300 2340 ιιι
1319 2287 1513 2342 ecclcs1asua
1536 2285 1627 2341 semel
1645 2305 1679 2341 ιιι

460 2355 590 2457 μ’,ᾕῗξω
627 2375 721 2445 capite
739 2391 852 2445 passus,
873 2372 967 2427 adhuc
979 2373 1010 2426 in
1026 2372 1166 2427 membris
1179 2371 1240 2427 suis
1254 2371 1515 2444 quotidiepatitur,
1529 2370 1679 2427 redivivas

461 2455 576 2509 tbepope.
627 2458 783 2514 vulnerum
807 2456 871 2527 ejus
896 2457 1046 2511 cicatrices
1071 2455 1246 2527 respiciatis,
1273 2462 1303 2511 et
1326 2474 1443 2510 causam
1468 2454 1599 2510 ecclesius
1623 2473 1680 2527 pro

628 2561 695 2613 qua,
715 2542 746 2595 in
763 2540 848 2611 cujus
861 2546 944 2596 utero
956 2540 1064 2610 gladiis
1078 2539 1235 2611 impiorum
1253 2540 1398 2605 occubuit,
1412 2539 1556 2595 mediante
1564 2539 1681 2609 judicio

628 2633 658 2682 et
681 2625 806 2696 justitia,
833 2624 973 2697 quicquid
998 2624 1035 2679 de
1065 2624 1149 2679 nobis
1174 2624 1332 2694 contingat,
1361 2631 1493 2695 tempore
1516 2631 1680 2695 opportuno

628 2710 800 2767 terminetis.
838 2709 916 2763 Dum
934 2709 1012 2764 enim
1039 2708 1094 2764 hcc
1112 2708 1195 2762 vobis
1215 2709 1380 2772 scribimus,
1402 2708 1474 2780 quid
1493 2708 1528 2762 de
1547 2708 1632 2763 nobis
1647 2710 1681 2764 in

629 2795 754 2850 crastino
780 2793 843 2847 fieri
862 2799 1004 2848 statutum
1028 2793 1069 2847 sit
1091 2794 1270 2862 ignoramus,
1303 2794 1373 2864 quia
1399 2793 1435 2847 de
1454 2792 1566 2847 duobus
1585 2811 1680 2848 unum

629 2886 814 2951 expectamus
833 2878 974 2941 universi,
994 2884 1045 2933 aut
1056 2878 1153 2933 varios
1172 2876 1290 2932 detrudi
1309 2878 1339 2931 in
1360 2894 1501 2941 carceres,
1520 2883 1571 2932 aut
1588 2895 1680 2934 manu

628 2965 757 3019 hostium
788 2963 880 3018 vitam
911 2962 995 3016 finire
1024 2978 1079 3032 per
1108 2979 1203 3016 enses.
1260 2961 1366 3016 Valeat
1390 2969 1489 3017 sancte
1518 2963 1681 3033 paternitas

628 3055 727 3105 restra
745 3047 776 3101 in
803 3047 939 3109 Domino,
965 3053 996 3101 et
1014 3064 1109 3101 seram
1127 3047 1216 3100 nimia
1234 3046 1402 3101 meminerit
1420 3063 1484 3102 esse
1502 3045 1682 3103 medicinam

629 3151 694 3204 quae
711 3131 872 3188 vulneratis
891 3130 1026 3186 differtur
1044 3147 1138 3203 usque
1157 3130 1194 3187 ad
1211 3136 1344 3187 mortem.

507 3441 572 3485 Amr
716 3428 893 3489 CLXXXV.
929 3430 1103 3487 'rmommo
1121 3428 1253 3485 Osrrann
1271 3442 1402 3484 rancore
1421 3427 1591 3484 coriarius

494 3490 589 3537 Μ
1030 3514 1268 3570 Cnnrunnrnnsrs.

461 3659 616 3752 Quaeram
665 3655 863 3711 Sollicitudini
889 3663 919 3712 et
946 3657 1090 3712 affectioni
1119 3675 1206 3727 quum
1230 3657 1262 3710 in
1286 3657 1411 3728 negotiis
1436 3657 1544 3712 uostris
1563 3674 1680 3729 promo·

461 3716 592 3807 confirm
628 3742 731 3796 vendis
761 3742 945 3812 paternitatis
975 3748 1082 3797 vestran
1113 3742 1250 3796 adhibere
1281 3742 1402 3811 dignata
1437 3748 1482 3796 est
1511 3742 1678 3812 diligentia,

461 3812 543 3915 {3⁸}ssss
551 3867 577 3908 ot
630 3843 729 3879 omnes
760 3833 790 3880 ct
820 3827 930 3896 singuli
954 3827 1133 3897 multiplices
1162 3824 1507 3896 gratiumrm'rescrimus
1537 3828 1677 3893 actiones,

462 3913 532 3957 ostiu
630 3911 732 3980 Ipsum
751 3911 828 3980 apud
847 3910 939 3979 Quem
957 3911 1032 3965 nihil
1052 3917 1098 3965 est
1114 3910 1306 3982 impossibile,
1325 3928 1395 3965 sicce
1415 3916 1444 3964 et
1461 3916 1529 3966 voto
1547 3914 1680 3967 unanimi
1694 3923 1812 3971 ablate:

630 3995 829 4065 deprecantes,
861 4001 894 4049 ut
920 3995 1006 4066 juxta
1034 3995 1254 4050 multitudinem
1282 3995 1502 4050 miserationum
1539 3995 1678 4061 Silarum,
1693 3979 1803 4073 {Qu

631 4098 703 4150 quas
729 4080 837 4133 nostris
862 4080 1047 4151 impendistis
1073 4080 1210 4143 miseriis,
1230 4080 1375 4135 retribuat
1397 4081 1480 4134 vobis
1499 4080 1528 4134 iu
1547 4087 1679 4152 tempore
1693 4091 1781 4154 Ct.No.

630 4170 792 4234 opportuno
819 4181 872 4234 pro
898 4165 1032 4219 omnibus
1057 4182 1121 4236 quae
1146 4165 1324 4219 retribuistis
1352 4165 1444 4229 nobis,
1474 4171 1504 4219 et
1529 4172 1563 4220 ut
1588 4166 1679 4235 digne
1692 4141 1789 4188 ⁰¹¹¹¹¹¹'

630 4249 784 4320 pessimus,
799 4255 954 4320 antequam
965 4249 1135 4311 moriamur,
1149 4254 1236 4302 tantae
1248 4248 1432 4305 liberalitatis
1450 4256 1555 4304 vestran
1573 4252 1679 4320 gratim

630 4333 805 4403 respondere
831 4334 929 4388 votivo
956 4332 1112 4395 desiderio,
1134 4332 1158 4386 si
1183 4350 1282 4386 rerum
1302 4339 1332 4387 et
1349 4339 1513 4404 temporum
1531 4335 1679 4389 tribuatur

630 4419 714 4472 nobis
734 4418 856 4472 facultas
875 4425 904 4471 et
922 4418 1043 4472 occasio.
1084 4416 1254 4472 Serenitatis
1281 4418 1359 4471 enim
1386 4424 1491 4473 vestrm
1515 4418 1680 4489 dignationi

631 4502 770 4556 debemus
798 4508 828 4556 et
853 4502 959 4556 debere
986 4502 1121 4564 fatemur,
1152 4501 1292 4571 quicquid
1323 4520 1397 4573 papo
1421 4503 1566 4565 Urbanus,
1593 4504 1679 4573 cujus

632 4589 773 4640 memoria
791 4587 820 4641 iu
839 4585 1039 4640 benedictione
1060 4592 1113 4647 cst,
1135 4585 1170 4638 de
1195 4586 1396 4641 misericordia
1419 4594 1449 4641 et
1469 4588 1581 4657 judicic
1600 4589 1679 4643 sedis
1693 4600 1812 4646 nechar}

631 4671 797 4742 apostolicae
824 4671 907 4724 nobis
935 4669 1068 4724 indulsit.
1106 4668 1165 4723 Sed
1192 4671 1261 4741 quia
1284 4677 1328 4725 tet
1353 4677 1382 4726 et
1400 4672 1488 4726 tantis
1507 4673 1679 4729 vulneribus
1695 4658 1712 4694 ¹¹

630 4755 739 4809 nostris
769 4772 844 4808 nova
874 4754 910 4807 de
940 4771 1014 4808 novo
1045 4753 1234 4824 superaddita
1264 4760 1332 4808 sunt
1360 4756 1492 4821 vulnera,
1525 4764 1555 4811 ct
1584 4758 1679 4813 adhuc

632 4839 742 4893 eisdem
781 4839 917 4908 graviora
950 4837 1172 4908 superaddendis
1202 4838 1402 4903 lormidamus,
1435 4842 1505 4911 quia
1540 4859 1619 4896 mors
1650 4850 1682 4898 et

632 4924 756 4994 dejectio
791 4929 890 4976 nostra
922 4922 985 4990 jum
1012 4923 1043 4975 in
1075 4922 1174 4992 januis
1205 4930 1259 4986 est,
1292 4925 1459 4979 maturioris
1498 4932 1528 4980 et
1559 4928 1680 4997 majoris

632 5008 766 5062 efficacias
795 5006 959 5061 necessaria
989 5012 1057 5060 sunt
1086 5006 1286 5062 medicamina.
1340 5007 1407 5062 Nisi
1439 5009 1516 5064 enim
1547 5028 1681 5067 summus

632 5092 761 5165 pontifex
788 5090 825 5144 de
850 5090 944 5146 salute
968 5097 1069 5147 nostra
1098 5091 1252 5157 sollicitus,
1278 5091 1449 5151 vulneribus
1476 5095 1584 5150 nostris
1612 5096 1679 5159 dili-
