4192 6392
608 1156 674 1225 398
891 1168 1063 1223 semesum
1084 1168 1374 1234 cssrusamssus,

456 1362 579 1411 amnes
607 1356 739 1413 desimus
756 1352 911 1413 auxilium.
948 1352 1086 1411 Fecimus
1102 1358 1202 1411 sutem
1226 1360 1258 1410 et
1282 1368 1361 1411 nuno
1390 1350 1470 1427 quod
1495 1351 1661 1426 potuimus,

369 1435 375 1457 ¹
487 1414 550 1469 ¹⁸¹·
608 1440 680 1512 quia
698 1439 736 1496 sd
762 1437 966 1511 exequendum
993 1436 1137 1511 quicquid
1161 1437 1199 1494 sd
1226 1438 1360 1495 ecclesias
1386 1443 1494 1495 vestras
1520 1438 1665 1495 honorem

440 1488 579 1587 effla
608 1529 722 1597 spectat
733 1528 764 1581 et
775 1522 971 1588 commodum,
984 1529 1074 1595 prout
1086 1522 1228 1580 fratribus
1239 1522 1348 1581 vestris
1366 1522 1513 1579 credimus
1531 1522 1662 1580 innotes-

440 1590 550 1696 Ὦ,
559 1642 596 1687 tos
607 1626 684 1676 cero,
697 1608 893 1665 omnimodam
905 1605 1082 1664 indulsimus
1095 1607 1334 1664 sollicitudinem.
1371 1604 1475 1664 (iustis
1491 1611 1591 1664 autem
1602 1606 1662 1663 Dei

438 1690 562 1747 Μῦν
606 1692 691 1750 nobis
703 1692 889 1766 propitiante,
903 1697 935 1747 et
945 1690 1107 1748 amicorum
1123 1698 1290 1749 vestrorum
1300 1691 1457 1765 diligentia
1472 1696 1659 1765 cooperante,

438 1744 639 1847 nwpcssin
668 1782 783 1834 mutum
811 1774 955 1849 prooessit
988 1776 1142 1849 negotium
1172 1776 1251 1849 quod
1280 1777 1318 1833 dc
1347 1782 1455 1834 cetero
1488 1776 1659 1834 nullatenus

437 1840 560 1939 &Q
607 1878 703 1919 amc
720 1866 827 1918 vosne
845 1859 1002 1916 tumidam
1019 1866 1136 1933 operes
1152 1860 1348 1933 eispmdium.
1385 1860 1485 1934 mem
1501 1878 1539 1917 ne
1555 1860 1661 1918 ames.

438 1942 504 1989 Μ
606 1945 647 2003 tis
664 1962 683 2001 a
700 1944 775 2001 lucie
792 1960 895 2001 eorum
922 1944 974 2016 qui
991 1944 1138 2001 tribulant
1153 1962 1215 2002 vos.
1251 1944 1358 2002 Plures
1375 1946 1456 2002 enim
1472 1950 1504 2003 et
1520 1946 1658 2003 fortiores

607 2034 677 2085 sunt
694 2029 746 2102 qui
763 2034 857 2102 agunt
873 2028 1026 2085 vobiscum
1051 2046 1140 2101 quam
1166 2029 1219 2103 qui
1242 2035 1344 2086 contra
1359 2046 1423 2087 vos.
1473 2029 1555 2087 State
1586 2046 1660 2104 argo

606 2113 744 2180 viriliter,
770 2113 846 2169 nihil
869 2118 1043 2180 metuentes,
1073 2114 1100 2171 si
1127 2114 1389 2171 intumescentibus
1406 2114 1545 2171 fluctibus
1572 2115 1657 2172 navis

607 2196 691 2253 Petri
709 2197 826 2254 concuti
843 2196 979 2254 videatur
1003 2197 1041 2253 ad
1068 2203 1196 2271 tempus.
1234 2197 1359 2255 Concuti
1380 2198 1460 2253 enim
1476 2203 1584 2271 potest,
1604 2199 1659 2255 sed

607 2281 705 2354 perire
721 2296 919 2354 nequaquam,
939 2282 1010 2354 quia
1027 2280 1165 2339 Obristus
1183 2283 1216 2339 in
1241 2298 1278 2338 ea
1294 2288 1325 2338 et
1341 2298 1410 2339 oum
1434 2298 1471 2338 ea
1487 2286 1542 2349 cst,
1561 2300 1658 2355 usque

607 2363 645 2420 cd
674 2366 952 2422 consummationem
982 2364 1092 2422 saeculi.
1136 2364 1196 2436 Qui
1225 2367 1252 2423 si
1281 2365 1409 2423 dormire
1438 2365 1574 2423 videatur
1602 2384 1658 2441 pro

607 2447 722 2505 modica
739 2448 796 2505 lide
815 2448 1029 2524 discipulorum
1040 2449 1199 2523 protunda,
1213 2449 1383 2507 excitandus
1395 2456 1442 2507 est
1458 2449 1607 2523 precibus,
1626 2457 1660 2508 et

606 2531 734 2589 clanim
762 2533 930 2590 vehementi
960 2533 1156 2601 suscitandus,
1186 2551 1241 2590 nec
1270 2533 1473 2592 desistendum
1498 2534 1657 2608 aliquando

607 2616 699 2673 donec
727 2634 853 2691 surgens
882 2618 1008 2690 imperet
1034 2617 1130 2675 ventis
1160 2624 1191 2675 et
1216 2619 1353 2685 marist
1377 2618 1429 2675 fiat
1456 2619 1788 2691 tranquillitsssm.

606 2718 722 2775 mapa
752 2700 871 2758 Currite
888 2718 970 2774 ergo,
984 2700 1063 2758 siout
1078 2700 1220 2777 ooepistis,
1232 2707 1423 2776 perseverate
1439 2701 1472 2758 in
1489 2692 1705 2761 defendendi·

606 2783 711 2842 domus
722 2782 789 2851 Dei,
802 2802 857 2842 neo
868 2801 921 2842 vos
933 2784 1082 2842 deterreat
1097 2785 1294 2843 Moabitarum
1309 2785 1449 2859 potentia,
1468 2804 1522 2843 uec
1539 2786 1659 2845 deviam

606 2868 697 2926 facist
712 2868 931 2927 Pbasisseorum
944 2868 1096 2943 jactantia.
1135 2869 1218 2928 State
1241 2870 1424 2927 concatenati
1440 2868 1559 2928 vinculo
1583 2872 1659 2929 eari-

606 2952 676 3010 tatis
704 2952 737 3009 in
765 2952 837 3022 acie,
868 2970 906 3011 ue
920 2953 1087 3027 jaculorum
1110 2955 1240 3029 impetus
1257 2973 1311 3013 vos
1339 2953 1435 3029 possit
1462 2954 1657 3013 trmlcdere.

606 3034 740 3109 Affligite
757 3036 914 3111 vosipsos
938 3037 970 3094 in
994 3043 1152 3111 conspectu
1177 3038 1294 3097 Divinse
1310 3036 1484 3111 Msjcstatis.
1519 3038 1659 3113 Allegste

607 3136 727 3177 oausam
743 3126 882 3186 vestram,
901 3120 993 3177 immo
1010 3120 1123 3179 Christi
1140 3129 1172 3180 et
1188 3122 1328 3191 ecclesie,
1344 3140 1443 3180 coram
1459 3122 1518 3179 1110
1536 3122 1595 3193 Qui
1612 3130 1660 3182 est

607 3203 672 3260 fons
690 3202 910 3271 misericordie,
930 3203 989 3274 Qui
1005 3204 1089 3262 videt
1112 3223 1272 3280 pauperem
1297 3206 1329 3263 in
1355 3206 1524 3264 abscondito
1541 3212 1573 3265 et
1589 3208 1660 3264 sub-
1752 3270 1756 3277 ,

604 3287 695 3354 levat,
730 3294 762 3345 et
795 3288 903 3346 divites
933 3289 1156 3362 comprehendit
1190 3290 1223 3347 in
1257 3289 1368 3348 astutia
1396 3310 1459 3349 sua.
1508 3290 1658 3349 ceterum

605 3371 830 3429 universitatem
841 3377 971 3429 vestram
987 3391 1129 3447 reguum
1146 3373 1295 3442 attentius,
1310 3380 1453 3448 quatenns
1471 3374 1502 3431 iu
1520 3376 1658 3433 orationi·

606 3458 662 3514 bus
679 3458 787 3515 vestris
815 3464 846 3515 et
863 3456 978 3515 coeteris
1003 3477 1070 3531 quas
1087 3460 1119 3516 in
1136 3461 1262 3517 ecelesia
1278 3468 1378 3518 vestra
1394 3461 1470 3518 flunt
1492 3462 1656 3530 beneficiis,

606 3548 746 3613 tanquam
773 3542 901 3598 amicum
929 3549 1063 3601 vestrum
1093 3549 1123 3600 et
1153 3544 1285 3602 ecclesie
1315 3552 1421 3602 vestrae
1449 3546 1593 3603 fautorem
1619 3548 1658 3604 de

607 3633 713 3682 csetero
731 3626 862 3682 babeatis
890 3627 1133 3684 commendatum.
1170 3629 1211 3685 Et
1229 3630 1298 3701 quia
1315 3630 1478 3703 gloriosum
1496 3638 1659 3704 martyrem

606 3716 739 3767 vestrum
767 3711 882 3767 sincera
908 3712 1115 3784 amplectimur
1142 3713 1305 3780 devotione,
1325 3714 1362 3770 do
1387 3715 1534 3787 relliquiis
1561 3716 1658 3788 ipsius

607 3795 746 3866 martyris
765 3795 900 3866 cupimus
918 3800 948 3851 ct
964 3814 1104 3868 rogemus
1123 3802 1157 3852 ut
1173 3798 1256 3855 nobis
1275 3799 1489 3856 transmittatis.
1527 3799 1642 3857 Velcte.

456 4070 578 4118 smum
689 4057 853 4116 OOCOXL.
892 4057 1027 4115 Ossismos
1046 4057 1168 4114 (tumens
1186 4074 1333 4119 rmmmus
1352 4062 1381 4119 J.
1402 4077 1561 4120 inussisse

486 4124 547 4176 Μ·
1043 4158 1220 4200 omissum.

439 4288 547 4333 &idme
640 4272 835 4330 Universituti
864 4278 971 4328 vestrm
1001 4278 1105 4328 notum
1134 4274 1199 4330 fieri
1224 4274 1370 4342 volumus,
1405 4295 1458 4334 nos
1485 4277 1516 4333 S.
1553 4284 1584 4335 ot
1612 4280 1654 4337 N.

437 4340 556 4444 gssffi'y
604 4359 759 4413 monachos
773 4356 1008 4423 cantuarienses,
1023 4375 1097 4428 quos
1116 4357 1248 4428 ejusdem
1267 4361 1398 4416 ecclesias
1416 4361 1656 4436 archiepiscopus

437 4442 590 4494 utnomtyor
603 4450 671 4514 post
688 4441 914 4516 appellationem
931 4442 969 4498 sd
986 4441 1086 4497 sedem
1105 4444 1295 4514 apostolicam
1312 4446 1514 4518 interpositam
1528 4447 1657 4517 [exeom-

436 4492 479 4586 iii
486 4504 574 4587 s'i'ffim
604 4524 789 4598 munioavit],
803 4543 871 4582 cum
882 4533 983 4582 tamen
1000 4543 1050 4582 eos
1075 4526 1221 4583 sententie
1237 4526 1337 4584 taliter
1354 4530 1415 4585 lata
1431 4548 1488 4586 non
1506 4536 1656 4605 taugeret,

436 4595 584 4689 {ffffiffl
604 4612 777 4667 auctoritate
796 4610 904 4665 summi
923 4609 1079 4681 pontificis,
1100 4611 1148 4666 eui
1167 4610 1198 4664 in
1215 4612 1270 4667 hac
1288 4617 1373 4684 parte
1390 4613 1470 4669 vices
1489 4633 1558 4670 suas
1577 4636 1657 4674 com.

436 4695 531 4740 insiliit
603 4697 734 4759 miserat,
772 4694 943 4750 absolvisse.
991 4693 1076 4749 Unde
1105 4695 1190 4750 vobis
1214 4697 1397 4763 mandamus,
1424 4704 1569 4769 quatenus
1600 4720 1656 4774 pro

603 4777 772 4852 hujusmodi
790 4779 942 4844 sententia,
962 4796 1028 4851 quoe
1040 4778 1152 4835 nullius
1170 4782 1310 4836 momenti
1323 4789 1377 4848 est,
1391 4799 1442 4839 eos
1451 4802 1509 4839 non
1522 4785 1654 4853 evitetis,

602 4865 656 4919 scd
685 4862 770 4934 quasi
798 4863 879 4919 viros
908 4862 1073 4936 religiosos,
1098 4864 1238 4921 bonorem
1269 4865 1325 4922 Dei
1355 4871 1385 4923 et
1420 4867 1553 4926 eeclesias
1586 4870 1657 4930 Sum

602 4947 770 5019 diligentes,
791 4946 822 5003 in
839 4948 973 5005 omnibus
990 4948 1149 5007 honoretis.
1186 4947 1301 5008 Valeto.
