4192 6392
782 1187 940 1240 runcone
964 1187 1168 1243 eeunuwm'r.
1458 1183 1495 1248 51

444 1365 616 1429 executioni,
646 1370 677 1420 et
697 1363 857 1419 secuudum
887 1370 1018 1418 tenorem
1046 1365 1213 1422 litterarum
1232 1374 1407 1434 vestrarum,
1436 1388 1501 1442 ques
1531 1379 1586 1424 AJ).
1594 1384 1651 1426 1187.

444 1458 507 1523 post
524 1448 753 1522 appellationem
780 1448 818 1503 ad
836 1466 888 1505 vos
915 1449 1129 1520 interpositam,
1159 1452 1190 1506 in
1215 1453 1419 1525 praejudicium
1438 1474 1502 1511 uos·
1565 1432 1628 1483 Μ·

445 1543 522 1591 uum
548 1535 627 1589 sacta
654 1538 732 1597 sunt,
754 1531 784 1586 in
813 1538 923 1588 statum
951 1533 1111 1605 pristinum
1140 1536 1291 1601 reducere,
1320 1538 1501 1609 justitiarius
1540 1542 1639 1586 ¹⁰·18r0·

445 1620 552 1676 domini
581 1617 664 1689 regis
695 1617 780 1672 nobis
812 1618 935 1688 scripsit
965 1619 996 1673 in
1025 1618 1089 1675 haec
1107 1620 1207 1676 verbe.
1248 1621 1441 1679 “Randulfbs
1465 1625 1502 1679 de
1515 1633 1563 1679 'rho
1577 1635 1672 1679 usuum

446 1702 601 1767 Giauville,
615 1708 646 1758 et
657 1700 795 1766 caetere,''
810 1706 840 1755 ut
853 1719 952 1774 samec.
980 1701 1044 1771 Quo
1057 1709 1176 1775 accepto
1188 1704 1353 1761 Londonies
1367 1707 1501 1765 misimus
1514 1684 1560 1779 ἓξ,
1568 1685 1650 1781 ff·

444 1787 479 1844 ed
496 1788 648 1845 dominum
660 1787 923 1860 archiepiscopum,
938 1794 1008 1844 tuuc
1026 1790 1169 1860 temporis
1183 1789 1342 1847 Londouiis
1361 1794 1499 1864 positum,
1514 1786 1630 1831 imi>

444 1875 572 1930 volentes
585 1874 623 1935 ei,
643 1878 784 1944 tauquam
803 1873 882 1928 sedis
903 1873 1071 1944 apostolicae
1090 1874 1197 1945 iegato,
1212 1877 1383 1933 mandatum
1401 1879 1502 1950 hujus·
1514 1837 1658 1953 diffidiidm

444 1959 520 2015 modi
533 1956 697 2021 ostendere,
712 1957 828 2029 etquid
842 1957 1010 2012 iaciendum
1023 1964 1103 2013 esset
1121 1959 1246 2015 edoceri.
1278 1961 1347 2032 Ipse
1365 1979 1435 2018 vero
1447 1981 1501 2018 nec
1517 1938 1570 1991 (Μ’
1579 1939 1627 1987 ¹¹¹³

445 2043 542 2100 videre
560 2043 656 2099 voluit
673 2059 727 2097 nec
754 2043 867 2106 audire,
888 2042 989 2098 diceus
1020 2043 1095 2097 nihil
1114 2045 1152 2099 ad
1171 2062 1237 2099 eum
1257 2047 1413 2117 pertinere,
1434 2066 1501 2103 oum
1514 2053 1635 2098 thenon·

444 2128 504 2201 ipse
529 2145 588 2183 nou
604 2125 782 2182 mandasset.
819 2126 866 2181 Ad
882 2127 1081 2197 justitiarium
1100 2145 1172 2200 ergo
1190 2128 1303 2184 domini
1322 2131 1403 2202 regis
1421 2134 1501 2188 veni·
1512 2105 1638 2200 idfflto

444 2211 579 2269 autibua¹
598 2210 743 2267 indictum
762 2217 808 2266 est
827 2228 862 2265 ex
880 2217 964 2282 perte
984 2211 1094 2266 domiui
1122 2212 1212 2284 regis,
1234 2219 1267 2269 ut
1296 2231 1500 2272 revocaremus
1512 2206 1637 2300 {ffmffi

444 2297 568 2367 priorem
586 2302 730 2359 nostrum,
751 2300 802 2350 aut
821 2295 1005 2366 suppriorem
1024 2313 1092 2350 curn
1110 2297 1240 2368 quinque
1258 2298 1305 2353 vel
1332 2316 1383 2354 sex
1401 2288 1499 2356 iratri-
1511 2262 1619 2352 mtdgtib
1638 2270 1652 2299 ⁰

442 2380 493 2439 bus
511 2382 666 2438 mittemus
685 2380 723 2434 ad
741 2380 839 2452 ipsum
856 2396 958 2450 regem
987 2380 1169 2451 inpartibus
1188 2383 1391 2439 transmarinis
1410 2385 1497 2457 longe
1510 2358 1655 2463 fflfm

443 2455 587 2539 egentem,
618 2464 778 2538 privilegia
807 2468 908 2518 nostra
939 2482 1096 2535 exponere,
1130 2471 1164 2521 ut
1192 2466 1291 2522 videet
1321 2474 1351 2524 et
1371 2469 1494 2540 judicet.
1510 2471 1671 2525 Theiuetfflflr

443 2552 594 2610 Inhibetur
625 2552 763 2608 similiter
792 2569 828 2605 ne·
854 2569 902 2606 res
930 2557 1037 2608 nostrie
1069 2553 1345 2611 administrarentur
1368 2557 1425 2613 nisi
1443 2575 1497 2630 per
1508 2522 1608 2619 iffi

442 2638 701 2711 archiepiscopum,
732 2636 924 2692 nihilomiuus
951 2654 988 2690 ne
1013 2637 1061 2691 vel
1094 2636 1262 2709 privilegiis
1294 2646 1413 2696 utemur
1448 2643 1494 2698 vei
1509 2625 1630 2669 ΨΜ

441 2722 583 2780 mandatis
620 2721 799 2793 apostolicis,
830 2720 889 2776 nisi
921 2719 1040 2775 domino
1074 2738 1145 2792 rege
1176 2723 1330 2793 requisito,
1363 2725 1495 2798 alioquin
1510 2676 1648 2769 pompeo

442 2808 563 2864 enolae
580 2813 681 2863 nostra
705 2806 789 2861 eona
819 2805 954 2861 omnibus
981 2804 1165 2877 sponsetur.
1204 2805 1295 2862 vicet
1319 2808 1419 2880 saque
1440 2777 1653 2879 dedititii

441 2894 529 2949 cretio
546 2897 648 2948 vesti-e
665 2896 694 2946 et
713 2889 864 2962 iutelligit,
886 2889 1036 2960 quiajam
1057 2889 1155 2944 resin
1174 2890 1314 2946 eminenti
1334 2897 1387 2957 est,
1409 2910 1497 2965 quem
1510 2876 1645 2971 §miii

441 2975 649 3033 miserabiliter
662 2974 863 3046 opprimamur
884 2973 992 3045 quibus
1004 2990 1059 3029 neo
1072 2991 1125 3029 sua
1143 2973 1300 3045 suffragari
1313 2976 1497 3048 permittitur
1509 2978 1620 3022 chancre.

438 3061 561 3133 justitie.
601 3059 677 3116 Onm
695 3059 774 3114 enim
793 3059 931 3114 dominus
951 3058 1190 3131 archiepiscopus
1218 3077 1392 3133 quocunque
1411 3062 1498 3118 modo

439 3149 601 3224 impetratis
632 3167 651 3204 e
677 3147 831 3204 sanctitate
862 3153 963 3204 vestra
993 3148 1024 3202 in
1051 3148 1201 3204 laesionem
1227 3154 1357 3205 uestram
1384 3155 1495 3216 utatur,
1510 3147 1558 3210 '¹1¹¹‘
1566 3148 1631 3193 Μ·

440 3235 525 3292 etiem
543 3234 720 3306 prohibitus,
740 3250 793 3289 noe
812 3232 895 3289 nullo
913 3232 1001 3288 modo
1025 3232 1171 3288 mandetis
1189 3233 1297 3290 vestris
1316 3234 1360 3289 uti
1379 3236 1498 3307 permit-
1510 3198 1642 3296 iidiido

440 3320 538 3385 timur,
559 3325 590 3375 et
607 3318 727 3374 abbatas
745 3317 938 3373 nihilominus
958 3316 1036 3388 qnod
1051 3317 1162 3388 jubetis
1181 3318 1285 3389 exequi
1297 3318 1497 3389 prohibentur.
1510 3301 1655 3404 ffigffiffl'

441 3403 504 3461 Boo
533 3420 604 3461 saue
632 3410 686 3468 est,
707 3408 793 3475 pater
821 3407 932 3466 sancte,
954 3418 1045 3472 quere
1065 3401 1190 3456 ecelesia
1208 3418 1283 3458 nova
1310 3404 1498 3470 construitur,
1510 3402 1667 3495 prunedum

437 3506 523 3561 cluere
543 3505 648 3544 rerum
672 3492 843 3543 nostrarum
862 3486 1081 3541 administratio
1100 3485 1242 3550 aufertur,
1271 3492 1301 3542 et
1328 3485 1386 3543 alia
1404 3451 1667 3549 mulueiiiid'i'dil

438 3580 535 3631 eontra
553 3591 606 3628 nos
626 3572 777 3627 subtiliter
796 3577 1003 3642 procurantur,
1024 3576 1059 3624 ut
1078 3570 1107 3623 in
1131 3571 1365 3641 possessionibus
1385 3579 1415 3628 et
1433 3573 1497 3645 dig·
1510 3555 1651 3601 ‘'⁰³³¹³¹¹⁰²·

437 3659 575 3715 nitatibus
595 3657 721 3712 ecclesia
739 3655 961 3711 Cantuariensis
981 3660 1158 3709 conteratur.
1197 3654 1285 3710 Nunc
1304 3674 1385 3728 ergo,
1406 3658 1498 3714 domi-

439 3761 482 3811 ne,
502 3750 533 3799 et
560 3750 646 3815 pater
670 3740 840 3801 reverende,
862 3745 987 3810 utroque
1015 3738 1116 3809 gladio
1142 3741 1334 3810 percutimur,
1367 3742 1497 3815 undique

440 3829 568 3889 ferimur,
589 3833 619 3882 et
646 3827 707 3897 qui,
729 3826 753 3880 si
772 3831 890 3896 patrum
910 3839 1030 3878 uirorum
1048 3824 1177 3895 vestigia
1202 3824 1380 3891 observaret,
1401 3826 1431 3881 iu
1450 3844 1496 3882 ce-

439 3913 504 3983 pitis
524 3913 570 3968 sui
590 3911 754 3984 periculum
780 3926 848 3963 oves
868 3909 924 3962 sibi
950 3907 1077 3962 creditas
1107 3907 1183 3962 tueri
1210 3909 1340 3973 deberet,
1367 3909 1449 3965 videt
1467 3917 1498 3966 et

439 3996 613 4060 dissimulat,
635 3995 734 4059 immo,
750 3995 827 4049 sicut
839 3992 942 4046 dicunt
960 3998 991 4045 et
1010 3992 1148 4055 sentiunt,
1164 3991 1226 4063 ipse
1240 3993 1336 4047 omnia
1348 3998 1494 4065 operetur.

439 4079 518 4137 tiliis
539 4081 638 4151 itaque
657 4080 687 4132 in
706 4084 787 4133 arcto
805 4077 920 4149 positis,
942 4076 966 4129 si
988 4075 1130 4129 arrxiliurn
1150 4076 1281 4146 impendi
1307 4094 1364 4132 non
1388 4085 1494 4149 potest,

439 4164 539 4220 saltam
567 4163 723 4218 consilium
750 4162 844 4232 pietas
872 4168 994 4231 paterne
1021 4176 1078 4212 non
1106 4159 1240 4229 deneget,
1267 4178 1303 4215 ne
1331 4163 1494 4218 arrimarum

438 4258 600 4305 nostrerum
629 4248 836 4302 detrimentum
867 4244 1018 4305 iaciamus,
1050 4248 1162 4296 eertum
1191 4242 1331 4299 hebentes
1357 4247 1495 4316 qnoniam

440 4342 696 4404 quantumcunque
727 4335 857 4401 potestas
886 4328 975 4383 instet
993 4335 1023 4381 et
1048 4334 1163 4397 urgeat,
1184 4327 1257 4382 nihil
1283 4345 1335 4399 per
1353 4329 1410 4382 Dei
1427 4346 1494 4399 gra-

439 4419 504 4472 tiam
525 4418 554 4471 in
572 4417 627 4471 bac
645 4420 728 4486 parto
747 4414 898 4477 faciemus,
919 4411 996 4465 unde
1015 4411 1062 4465 vei
1082 4409 1138 4464 Dei
1151 4410 1381 4482 indignationem
1400 4412 1494 4467 incur·

441 4518 501 4556 rere
519 4500 688 4561 debeamus,
709 4499 757 4553 rei
777 4503 884 4553 sanctae
906 4496 1046 4549 Romnum
1072 4494 1205 4549 ecelesiae
1231 4494 1335 4550 fecisse
1355 4494 1493 4565 injuriam

440 4584 669 4657 comprobemur.
708 4582 763 4636 Pie
792 4587 861 4636 vota
891 4586 999 4642 vestra,
1029 4583 1113 4650 pater
1138 4583 1245 4642 sancte,
1273 4579 1367 4649 pietas
1394 4578 1493 4636 divina

441 4675 613 4738 promoveat.
653 4666 725 4722 Ideo
751 4666 888 4736 paginam
906 4664 961 4718 bac
981 4662 1044 4717 vice
1074 4663 1261 4726 tetendimus,
1289 4663 1356 4733 quia
1384 4682 1436 4719 nos
1462 4666 1492 4720 in

441 4753 566 4823 proximo
594 4751 742 4807 oredimus
773 4747 970 4803 obsem'nndoe
997 4746 1117 4807 cretius,
1142 4764 1178 4801 ne
1204 4747 1250 4802 vel
1279 4749 1417 4802 rurueium
1446 4750 1492 4803 vel

440 4834 546 4891 litteras
565 4836 602 4890 nd
622 4836 808 4889 sanctitatem
826 4837 953 4886 vestram
973 4830 1104 4902 dirigere
1122 4831 1280 4886 valeamus.

1082 4962 1167 4969 ..—--
1193 4962 1292 4969 —..—-
1308 4962 1362 4968 ---.
1379 4962 1482 4969 ...-

473 5028 550 5078 'This
562 5029 583 5077 is
596 5043 628 5077 au
640 5038 747 5077 account
759 5028 789 5076 of
797 5026 839 5075 the
851 5025 926 5074 iuter-
949 5030 953 5113 ’1
981 5024 1024 5074 the
1035 5024 1126 5073 mouks
1144 5038 1208 5073 were
1219 5023 1366 5072 summoned
1377 5037 1410 5071 ou
1430 5021 1449 5071 J
1451 5024 1494 5090 uly

440 5106 498 5156 view
507 5105 928 5163 wimRmulsGIauvillnowhich
952 5124 954 5157 :
984 5111 1023 5155 25.
1045 5100 1492 5163 SeeNo.LX.,endGerveae,1504.

1291 5196 1359 5259 οἳ
