4192 6392
630 1153 694 1217 162
911 1167 1084 1219 amaretis
1106 1166 1396 1232 clarummane,

477 1346 598 1390 All-1188·
630 1343 711 1408 dicit,
725 1361 783 1400 non
801 1352 913 1401 curant.
940 1344 1025 1400 Hane
1037 1344 1132 1417 igitur
1144 1344 1365 1400 dissolutionem
1384 1343 1508 1399 celerius
1520 1343 1679 1409 vindicate,

461 1397 599 1513 {Zbffi'
630 1433 661 1483 et
677 1430 805 1500 priorem
824 1431 874 1501 qui
902 1430 964 1485 sine
983 1428 1161 1485 conscientia
1178 1434 1278 1484 nostra
1296 1429 1332 1484 de
1350 1446 1442 1500 regno
1459 1432 1558 1483 nostro
1576 1428 1679 1494 exisit,

461 1511 611 1555 comnotus
630 1517 660 1567 et
688 1513 743 1567 'arn
769 1514 900 1570 incuria
923 1514 1056 1569 Romana
1101 1531 1133 1569 er
1157 1531 1265 1568 annum
1290 1513 1399 1568 dicitur
1424 1518 1619 1568 commoratus
1650 1519 1683 1568 et

461 1562 602 1658 ffirtbbetdae.
629 1533 782 1654 thedauroa
800 1600 931 1655 ecclesie
950 1533 1168 1655 Cantiiaribnsis
1186 1616 1285 1654 seeum
1303 1598 1418 1664 detulit,
1439 1604 1469 1654 et
1486 1616 1539 1671 per
1555 1555 1681 1654 nundios

629 1683 798 1754 asportavit,
825 1690 855 1739 et
883 1684 977 1747 aliter,
1010 1683 1088 1739 sicut
1118 1682 1234 1748 dieitur,
1267 1701 1355 1754 quam
1384 1683 1501 1739 deceret
1530 1682 1679 1754 expendit,

629 1768 795 1822 nullatenus
826 1767 964 1822 exaudire
994 1769 1102 1833 velitis,
1134 1785 1188 1822 nec
1218 1768 1246 1822 ei
1276 1767 1389 1838 aliquid
1418 1772 1519 1823 contra
1547 1785 1599 1823 nos
1629 1768 1681 1822 vel

629 1858 729 1907 contra
755 1852 1008 1924 arehiepiscopum
1032 1852 1272 1908 cantuariensem
1298 1852 1451 1923 indulgere
1479 1852 1587 1918 velitis,
1609 1853 1682 1925 quia

629 1943 722 1992 totum
748 1954 873 2007 regnum
899 1945 1033 1992 nostrum
1060 1937 1091 1992 in
1117 1937 1172 1992 hoo
1196 1938 1285 1992 verbo
1311 1938 1456 2001 turbatur,
1481 1955 1535 1992 neo
1560 1955 1681 1993 crucem

630 2021 748 2075 Domini
775 2039 862 2091 quam
888 2022 1055 2094 accepimus
1083 2027 1232 2093 gratanter
1249 2020 1380 2092 bajulare
1405 2040 1567 2094 possemus,
1596 2023 1622 2077 si
1649 2023 1681 2077 in

630 2106 724 2176 capite
755 2106 848 2160 nostri
885 2107 972 2176 regni
1009 2112 1098 2161 tantae
1134 2105 1325 2161 dissensionis
1360 2106 1514 2161 materiam
1544 2112 1574 2161 et
1602 2106 1681 2161 tanti

630 2189 798 2245 schismatis
829 2189 960 2245 fomitem
994 2190 1227 2261 relinqueremus
1264 2190 1449 2261 impunitum,
1481 2191 1570 2245 immo
1600 2190 1682 2261 quod

629 2275 719 2329 invite
738 2273 873 2338 dicimus,
893 2281 1023 2330 nostram
1041 2274 1208 2329 nullatenus
1227 2275 1257 2328 in
1275 2279 1355 2329 tanta
1376 2274 1552 2329 confusionis
1571 2274 1680 2328 amari-

629 2357 731 2413 tndine
749 2358 884 2412 deserere
904 2366 934 2414 et
960 2358 1121 2413 desolatam
1139 2359 1306 2429 relinquero
1333 2360 1553 2415 sustineremus.
1590 2358 1681 2415 'Peste

631 2442 758 2514 Hugone
777 2442 987 2499 conventrensi
1006 2444 1142 2516 episcopo
1161 2443 1238 2515 apud
1257 2443 1418 2498 Othesord.¹

477 2712 603 2817 ffllbb
673 2718 874 2776 CLXXXIII.
910 2719 1010 2775 Esuris
1028 2735 1085 2776 unx
1106 2719 1223 2821 Sinnin
1241 2735 1275 2776 ar
1293 2735 1400 2776 nucius
1420 2736 1494 2777 nais
1511 2721 1643 2779 Herium

1102 2820 1205 2860 aucis.-

484 2940 585 2995 ΜΡ·
663 2952 845 3010 Beatitudini
858 2961 964 3009 vestrae
976 2955 1113 3010 volumus
1126 2956 1315 3026 praesentium
1328 2956 1538 3027 significatione
1550 2956 1678 3028 liquere,

459 3016 588 3122 ffiffi,
628 3038 705 3111 quod
723 3038 848 3093 illustris
868 3037 983 3109 Angliae
1001 3056 1063 3102 rex,
1083 3039 1254 3094 carissimus
1272 3058 1355 3096 socer
1372 3046 1479 3106 noster,
1494 3041 1680 3098 transmissis

458 3120 540 3214 (ἐξῇ
557 3134 607 3215 θθη·
626 3123 664 3178 sd
689 3140 742 3178 nos
768 3124 873 3178 iterato
890 3124 999 3179 litteris
1026 3124 1097 3188 suis,
1125 3125 1262 3195 precibus
1291 3143 1308 3179 a
1334 3125 1418 3180 nobis
1445 3125 1614 3196 postulavit,
1643 3134 1680 3183 ut

489 3226 552 3273 peto
628 3225 717 3280 super
734 3209 856 3263 canonia
874 3227 961 3280 quam
978 3209 1054 3280 ipse,
1074 3208 1152 3263 sicut
1176 3208 1242 3264 aliis
1261 3209 1424 3265 devotionis
1442 3216 1548 3265 nostra>
1567 3210 1679 3268 litteris

457 3274 615 3378 ,gflfflssffi
627 3294 796 3364 paternitati
824 3300 930 3350 vestrae
958 3294 1201 3366 significavimus,
1231 3293 1268 3348 ed
1293 3295 1433 3350 honorem
1460 3295 1536 3350 beati
1557 3295 1681 3352 Thomoe

459 3375 613 3421 nerchurch.
626 3377 765 3449 Martyris
787 3384 869 3434 extra
886 3378 1036 3433 civitatem
1055 3377 1296 3433 (lantuariensem
1318 3396 1372 3450 per
1388 3380 1585 3435 venerabilem
1604 3379 1682 3435 Gan·

625 3462 803 3518 tuariensem
833 3462 1083 3534 arehiepiscopum
1102 3461 1244 3516 redifieere
1262 3463 1380 3534 incepit,
1406 3463 1553 3519 sanctitati
1570 3470 1681 3520 restrae

625 3565 726 3620 preces
755 3549 1030 3602 transmitteremus.
1071 3545 1254 3618 Quapropter
1280 3548 1472 3602 indubitatam
1507 3548 1543 3602 de
1579 3555 1682 3605 vestra

625 3637 760 3701 gerentes
779 3633 953 3702 paternitate
972 3631 1117 3696 fiduciam,
1138 3631 1234 3686 filialis
1256 3649 1341 3703 prece
1368 3631 1529 3687 devotionis
1548 3641 1679 3690 vestram
1769 3694 1772 3699 ,

625 3716 782 3771 affectuoso
813 3716 1043 3787 praeminentiam
1077 3733 1239 3778 exoramus,
1270 3722 1412 3786 quatenus
1443 3717 1566 3770 eundem
1592 3718 1678 3772 illus-

625 3808 701 3855 trem
719 3818 820 3870 regem
846 3800 1030 3853 rarissimum
1054 3818 1187 3855 socerum
1208 3806 1350 3864 nostrum,
1372 3800 1401 3854 in
1419 3819 1507 3855 carrea
1526 3820 1586 3856 susa
1604 3805 1680 3874 peti·

625 3885 713 3939 tionis
731 3903 784 3955 pro
793 3885 856 3955 jam
869 3884 946 3938 diota
959 3885 1088 3949 canonia,
1110 3903 1174 3955 qiiae
1193 3886 1253 3939 suis
1272 3885 1387 3956 plenius
1407 3887 1551 3941 sanctitat-i
1571 3896 1679 3943 vestras

625 3970 731 4024 litteris
751 3971 920 4032 innotescet,
950 3970 985 4023 ad
1015 3988 1117 4040 preces
1142 3975 1255 4024 nostras
1282 3978 1311 4024 et
1336 3971 1565 4026 consideratione
1583 3973 1679 4043 ipsius

624 4054 749 4108 illustris
775 4054 865 4124 regia,
890 4072 957 4107 eum
989 4054 1093 4108 effectu
1120 4055 1218 4109 velitis
1250 4053 1414 4108 desiderato
1444 4055 1600 4126 benignius
1629 4076 1678 4112 ex·

624 4137 733 4192 aridire.
774 4138 849 4192 Data
867 4138 1014 4203 Panormi,
1035 4139 1139 4193 ultimo
1158 4138 1205 4192 die
1224 4138 1334 4204 Martii,
1356 4147 1444 4195 sextas
1463 4139 1645 4198 Indictionis.

657 4447 664 4477 ¹
683 4446 762 4511 Hugh
786 4447 817 4495 of
840 4446 952 4506 Nnnsnt,
981 4446 1072 4509 bisbop
1101 4446 1151 4503 of'.
1174 4446 1272 4510 ington,
1284 4459 1346 4495 near
1356 4445 1549 4510 Northsmpton,
1561 4448 1645 4499 where
1662 4465 1677 4499 a

624 4526 761 4591 Coventry‚
782 4542 834 4576 was
853 4528 1014 4576 eonsecmted
1033 4542 1066 4574 on
1086 4526 1129 4575 the
1149 4523 1151 4567 Ι
1174 4525 1273 4575 council
1293 4540 1345 4574 aas
1371 4526 1430 4574 held
1455 4541 1486 4574 on
1507 4527 1550 4575 the
1574 4528 1634 4577 llth
1651 4531 1681 4579 of

623 4612 679 4656 alst
691 4608 720 4655 of
736 4607 755 4654 J
756 4622 852 4671 anuary
867 4612 938 4665 1188,
950 4608 1000 4655 and
1011 4606 1054 4654 the
1066 4603 1129 4669 king
1150 4596 1152 4682 ζ
1174 4606 1310 4669 February.
1338 4604 1394 4654 The
1405 4607 1463 4654 date
1474 4606 1504 4654 oi
1511 4606 1562 4655 this
1574 4607 1647 4657 letter
1656 4610 1677 4660 is

623 4686 712 4735 lauded
720 4694 745 4734 nt
755 4686 916 4735 Wiuchelsea
925 4686 967 4734 the
977 4687 1027 4749 day
1034 4685 1129 4733 before.
1151 4724 1153 4733 ,
1174 4685 1231 4734 thus
1244 4685 1348 4735 fixedto
1360 4686 1402 4735 the
1411 4685 1465 4735 first
1476 4686 1546 4735 week
1565 4686 1593 4736 in
1612 4689 1677 4738 Feb·

623 4766 752 4825 Hoveden,
776 4771 832 4815 366.
868 4766 924 4814 The
950 4766 1052 4829 bishops
1073 4766 1128 4814 has-
1151 4762 1153 4797 l
1174 4780 1254 4828 mary.

623 4847 697 4895 tened
709 4846 762 4895 into
774 4846 842 4894 Keut
861 4853 888 4896 to
908 4853 974 4895 meet
994 4845 1036 4893 the
1056 4844 1129 4917 king,
1207 4845 1217 4873 ²
1234 4843 1347 4893 William
1359 4843 1402 4903 11..
1415 4843 1478 4909 king
1489 4845 1521 4893 of
1529 4845 1617 4912 Sicily,
1626 4849 1677 4897 and

622 4926 672 4974 and
686 4927 824 4990 proceeded
844 4925 905 4975 with
934 4924 986 4973 him
1007 4931 1034 4974 to
1055 4924 1127 4976 (sait-
1174 4923 1676 4994 Joanhiswife,daughterofHenryIl.
