4192 6392
890 1154 1062 1203 semona:
1085 1151 1374 1211 cantaturam

456 1396 576 1440 nonna
729 1388 890 1443 XXXVII.
927 1389 1003 1443 Issit
1022 1389 1142 1444 Htoosi
1161 1388 1367 1442 ertoustnsst
1385 1399 1526 1441 trisooro.

640 1517 761 1589 Hugoui
792 1517 988 1571 Lincolniensi
1012 1516 1158 1587 episcopo,
1189 1515 1310 1569 humilis
1336 1518 1495 1569 conventus
1525 1512 1656 1568 ecclesie

605 1601 716 1655 Christi
736 1601 965 1661 Cantuarieusis,
985 1600 1109 1654 salutem
1128 1612 1158 1654 et
1175 1600 1255 1670 piam
1273 1615 1388 1669 semper
1405 1597 1602 1652 dilectionem.

437 1684 547 1777 1¹²3·
642 1686 722 1740 Licet
752 1686 857 1740 damna
886 1700 915 1740 et
941 1685 1112 1755 gravamina
1138 1702 1154 1736 a
1184 1682 1344 1737 venerabili
1372 1688 1455 1752 patre
1479 1690 1580 1736 nostro
1605 1698 1657 1736 neo

435 1738 594 1836 iffae&
605 1787 697 1840 pauca
721 1788 775 1823 nec
800 1788 890 1840 parra
917 1769 1048 1839 perpessi
1075 1768 1177 1830 sinim,
1197 1767 1292 1820 minus
1320 1773 1417 1821 tamen
1435 1772 1542 1836 gravat
1558 1782 1656 1820 rernm

435 1834 594 1937 ffipufflb„
606 1854 760 1908 minoratio
778 1872 865 1924 qnam
884 1853 961 1907 laesae
983 1853 1100 1923 jactura
1121 1852 1260 1905 caritatis.
1297 1849 1372 1918 Quia
1390 1860 1489 1904 tamen
1506 1868 1564 1920 pax
1581 1849 1657 1904 mala

435 1935 557 2035 {lffiffl
606 1956 683 2008 saepe
704 1955 821 1991 cansam
838 1939 918 1991 foret
932 1936 1111 2007 jurgiorum.
1137 1950 1166 1989 et
1193 1935 1245 1988 irae
1269 1934 1429 1987 amantium
1447 1933 1658 2005 redintegratio

494 2020 498 2025 ’
605 2023 713 2075 amoris
739 2040 803 2075 esse
830 2021 977 2075 dicuntur.
998 2036 1150 2090 speramus
1176 2018 1254 2088 quod
1278 2017 1378 2072 divina
1403 2017 1584 2089 dispensatio
1602 2017 1657 2071 ful·

606 2124 682 2176 gura
699 2105 880 2176 inpluvium
899 2105 996 2165 faciet,
1022 2110 1052 2157 et
1077 2102 1156 2172 quod
1180 2120 1257 2157 nunc
1285 2101 1385 2156 afflicti
1411 2102 1656 2172 pertimescimus,
1668 2108 1767 2153 hcm:

606 2191 636 2242 in
662 2190 849 2243 securitatem
879 2202 1038 2243 convertet.
1084 2187 1230 2241 Caeterum
1262 2187 1386 2240 scientes
1416 2186 1531 2241 risoera
1560 2192 1659 2241 vestra

605 2291 693 2344 super
710 2273 851 2328 fratribus
869 2272 976 2327 restris
994 2272 1181 2333 commoveri,
1201 2271 1316 2325 caritati
1334 2278 1441 2325 vestrm
1459 2270 1658 2342 supplicamus
1668 2280 1766 2324 desumi

465 2366 555 2407 cnse.
605 2359 755 2421 attentius,
773 2372 916 2427 quatenus
943 2368 1085 2425 quantum
1110 2372 1177 2409 cnm
1195 2353 1259 2407 Deo
1277 2353 1408 2425 potestis,
1428 2362 1526 2425 partes
1544 2360 1658 2409 vestm

435 2457 544 2501 muk-
552 2459 588 2500 his
606 2458 679 2510 erga
696 2440 845 2494 dominum
864 2457 965 2509 regem
984 2456 1038 2509 pro
1061 2438 1145 2491 nobis
1173 2439 1357 2508 interponere
1375 2437 1485 2501 velitis,
1505 2444 1539 2492 nt
1566 2439 1659 2494 noemi

437 2508 582 2601 ffiffl'f'
607 2525 740 2578 misereri
758 2524 906 2594 dignetur.
926 2536 956 2576 et
974 2524 1000 2576 si
1021 2522 1149 2576 miseriis
1174 2522 1282 2576 nostris
1308 2520 1470 2575 remedium
1499 2520 1576 2576 serre
1603 2539 1658 2577 non

436 2609 498 2652 kint.
605 2607 710 2678 placet,
730 2607 834 2663 saltem
862 2624 951 2676 super
975 2605 1104 2660 dolorem
1123 2605 1277 2659 vulnerum
1300 2618 1467 2658 nostrorum
1485 2622 1543 2659 uon
1561 2604 1658 2660 addat.

607 2691 816 2745 Verumtamen
846 2690 924 2759 quod
960 2688 1161 2759 significamus
1198 2688 1387 2758 praesentium
1424 2687 1518 2758 bajuli
1554 2689 1659 2744 frames

604 2777 695 2829 nostri
724 2775 892 2845 paternitati
917 2782 1022 2827 restrae
1048 2773 1163 2843 plenius
1190 2786 1328 2842 poterunt
1351 2772 1499 2827 intimare.
1539 2771 1660 2844 Satagat

604 2877 677 2929 ergo
695 2858 749 2912 tilii
768 2857 839 2912 fides
859 2857 1016 2911 laudabilis
1044 2870 1073 2910 et
1099 2855 1225 2919 devotio,
1247 2856 1349 2909 matris
1368 2857 1484 2911 ruinam
1503 2874 1562 2911 non
1579 2857 1611 2912 in
1628 2875 1660 2913 se

605 2944 764 3013 suscipere,
794 2942 845 2995 sed
875 2960 912 2994 ne
939 2939 1024 2994 cadat
1055 2957 1221 3009 procnrarc.
1261 2939 1364 2994 l'alent
1395 2940 1534 2996 sanctitas
1563 2948 1660 2997 restro

605 3044 722 3097 semper
739 3027 769 3080 in
788 3025 923 3080 Domino.

713 3239 890 3295 XXXVIII.
930 3239 1005 3292 Insa
1025 3252 1165 3291 notsrno
1185 3238 1539 3293 .t1.uxasnnoll·'usss1.¹

641 3369 745 3424 Amico
770 3370 802 3423 in
829 3369 948 3425 Christo
966 3366 1129 3432 carissimo,
1149 3366 1315 3421 Alexandro
1339 3367 1481 3431 Walensi,
1500 3375 1660 3424 conventus
1692 3364 1694 3368 ’

607 3453 738 3507 ecclesiae
757 3452 869 3508 Christi
888 3451 1117 3508 Cautnariensis.
1138 3451 1261 3506 salntem
1281 3460 1310 3506 et
1329 3451 1525 3507 dilectionem.

438 3541 592 3585 meconi-ent
641 3536 791 3591 Hactenus
828 3536 997 3590 discretioni
1034 3548 1093 3590 tuns
1124 3535 1195 3589 satis
1227 3535 1283 3588 suit
1313 3552 1365 3590 nos
1396 3534 1554 3601 dilexisse;
1586 3553 1662 3592 nunc

439 3594 576 3686 ffiss‘
607 3632 705 3672 autem
724 3636 796 3690 opus
825 3636 869 3674 est
895 3619 983 3673 etiam
1009 3618 1196 3673 dilectionem
1215 3618 1361 3682 exhibere,
1381 3628 1411 3675 et
1430 3619 1509 3690 quod
1527 3621 1662 3691 gessistis

440 3692 575 3736 fflWffl·
608 3703 639 3755 in
656 3701 753 3755 conlis
771 3702 877 3757 affectu
903 3703 933 3755 in
961 3702 1066 3756 effectu
1085 3702 1262 3772 operationis
1288 3703 1449 3758 ostendere.
1488 3704 1566 3759 Ecce
1584 3706 1662 3759 enim

439 3754 521 3791 mana
530 3744 598 3795 proot

437 3794 586 3841 ornnection.
608 3785 848 3840 Cantuariensem
867 3786 1020 3840 ecclesium
1038 3787 1089 3855 qui
1102 3804 1155 3856 pro
1174 3804 1207 3840 ea
1225 3804 1357 3857 pugnare
1375 3787 1536 3842 debuerant
1553 3806 1663 3860 expug-

439 3844 562 3937 fflffl‘
608 3884 687 3933 nant,
707 3886 738 3923 ct
755 3868 890 3923 dominus
909 3884 1009 3924 noster
1028 3870 1249 3924 Cuntuariensis
1277 3870 1513 3943 archiepiscopus
1532 3878 1661 3927 oasnum

438 3944 548 4038 {3¹⁰¹
609 3954 699 4023 erigit
725 3966 825 4007 contra
855 3971 929 4007 eam.
967 3952 1147 4007 Persuasisti
1166 3953 1312 4023 quondam
1331 3972 1442 4024 pacem,
1463 3961 1493 4010 et
1511 3955 1661 4026 pollicitus

438 4046 532 4093 friends
608 4054 640 4090 cs
671 4036 763 4107 patris
789 4036 881 4089 nostri
907 4035 1139 4089 benevolentiam
1165 4036 1321 4107 adepturos
1351 4050 1381 4092 et
1410 4040 1547 4109 gratiam.
1585 4039 1663 4095 Eece

609 4138 666 4191 quo
694 4122 750 4174 fine
779 4138 848 4175 suns
875 4134 904 4174 et
929 4133 995 4174 tuas
1024 4120 1201 4176 concluserit
1219 4121 1442 4191 promissiones;
1464 4122 1517 4177 sed
1533 4123 1758 4179 nondumsme

608 4206 709 4260 statim
727 4204 802 4259 finis.
841 4204 1000 4273 Praeripuit
1018 4203 1139 4273 quidem
1156 4204 1240 4259 nobis
1259 4205 1361 4269 multa,
1375 4206 1427 4260 sed
1445 4206 1541 4262 adhuc
1558 4224 1662 4262 manus
1673 4184 1768 4279 ffif,

608 4292 672 4362 ejua
684 4300 808 4346 extenta.
829 4289 973 4343 Novimus
986 4289 1065 4342 enim
1084 4306 1151 4342 eum
1164 4288 1256 4342 multa
1267 4290 1298 4342 in
1309 4289 1519 4345 detrimentum
1530 4298 1663 4347 nosh'um

608 4393 674 4444 quae
686 4373 816 4429 nondum
833 4372 931 4443 palam
949 4372 1027 4426 facta
1044 4384 1113 4426 sunt
1132 4371 1270 4427 subtilius
1289 4390 1471 4443 procurasse,
1488 4374 1566 4429 uude
1583 4382 1614 4430 et
1631 4376 1663 4430 iu

609 4458 663 4512 hoc
675 4475 762 4528 opere
782 4458 860 4528 quod
878 4455 1003 4510 intendit
1021 4455 1118 4525 magis
1137 4455 1338 4509 lormidamus.
1377 4457 1489 4528 Legisti
1509 4457 1589 4528 qnod
1602 4459 1663 4513 “iu
1673 4463 1767 4514 nint!

611 4548 629 4567 ‘¹
644 4559 676 4595 se
688 4560 796 4611 magna
808 4550 906 4604 ruunt,
921 4541 1075 4610 omnisque
1093 4548 1222 4610 potestas
1242 4541 1396 4610 impatiens
1415 4543 1559 4597 consortis
1577 4541 1662 4598 erit.”
1673 4516 1768 4565 ’ω’

438 4623 695 4723 ffilffiwth'nno
721 4642 792 4696 ergo
818 4625 844 4679 si
868 4626 963 4678 virtus
990 4632 1036 4677 est
1063 4624 1094 4676 in
1119 4623 1215 4687 corde,
1237 4625 1262 4678 si
1282 4624 1390 4679 veritas
1417 4625 1450 4678 in
1475 4642 1617 4691 sermone,
1637 4626 1664 4681 si

439 4722 521 4769 aocet
610 4726 667 4781 qua
693 4708 771 4763 beati
796 4708 934 4779 martyris
960 4706 1031 4761 fides
1058 4714 1109 4761 out
1133 4706 1259 4769 devotio,
1285 4707 1359 4761 illud
1385 4708 1445 4763 oris
1472 4709 1517 4763 tui
1545 4710 1665 4766 solitum

638 4875 874 4884 .—.—.-——---
906 4875 934 4880 --
961 4874 1035 4880 —.-
1060 4874 1095 4879 --
1140 4874 1166 4878 -
1200 4873 1328 4880 ———-
1359 4872 1635 4880 -.-—-——

627 4982 816 5110 [lawa
832 4979 971 5042 Herem,
987 4977 1031 5029 the
1042 4977 1199 5037 Welshman,
1215 4981 1267 5031 had
1283 4982 1347 5032 been
1364 4981 1534 5031 eron-haam
1550 4992 1577 5031 to
1593 4982 1665 5034 mh.

609 5060 634 5109 b·
667 5075 700 5125 op
752 5074 830 5110 omas
