4192 6392
621 1127 685 1188 184
907 1139 1078 1194 EPIS'I'OLAE
1100 1137 1390 1204 ΟΔΝΤΠΑΒΙΕΝΒΕΒ,

471 1315 592 1420 affl
622 1311 700 1383 quod
717 1313 755 1367 ab
772 1312 885 1369 eisdem
903 1332 921 1369 a
939 1314 1046 1384 quibus
1066 1313 1207 1369 victualia
1224 1320 1325 1369 nostra
1347 1314 1445 1369 ablata
1468 1319 1499 1369 et
1521 1317 1675 1384 aspormta

454 1398 595 1477 maenis
623 1402 700 1461 sunt,
714 1415 876 1469 pauperum
894 1404 925 1454 et
941 1398 1171 1454 mendicantium
1189 1406 1220 1454 et
1235 1399 1326 1454 etiam
1338 1397 1358 1453 J
1359 1398 1511 1454 edmerum
1528 1415 1582 1469 per
1595 1414 1673 1468 quos

454 1483 584 1536 dorendon
622 1480 750 1536 vivimus
775 1483 968 1554 eleemosynas
991 1483 1147 1555 prohibite
1172 1489 1241 1539 sunt
1264 1483 1302 1538 ad
1323 1501 1376 1540 nos
1400 1482 1536 1549 introire;
1564 1480 1618 1537 sed
1642 1486 1675 1538 et

454 1534 606 1628 ffimd
622 1565 765 1621 intrantes
783 1566 814 1620 in
826 1567 948 1622 introitu
966 1568 1030 1639 ipso
1048 1567 1086 1623 ab
1104 1567 1176 1639 ipsis
1188 1572 1319 1623 retentas.
1357 1568 1431 1623 Haec
1448 1572 1479 1622 et
1495 1565 1555 1621 alia
1565 1565 1671 1631 multa,

454 1635 516 1680 ¹⁰⁰⁶·
623 1668 748 1721 quorum
767 1669 826 1706 non
846 1658 892 1708 est
911 1670 1061 1717 numerus,
1075 1669 1133 1708 non
1153 1652 1251 1707 minus
1271 1652 1417 1707 terribilia
1437 1668 1526 1723 quam
1544 1649 1674 1706 deusa-

621 1733 703 1799 bilia,
728 1735 862 1791 dominus
887 1735 1124 1808 archiepiscopus
1148 1742 1209 1792 tarn
1233 1754 1286 1807 per
1311 1753 1342 1791 se
1366 1736 1475 1792 faciens
1499 1753 1588 1806 quam
1618 1754 1673 1807 per

622 1835 691 1873 suos
721 1819 832 1890 passim
864 1819 928 1874 fieri
961 1821 1142 1892 permittens,
1171 1838 1225 1876 nec
1255 1820 1344 1876 etiam
1379 1826 1525 1892 precepto
1562 1821 1673 1875 summi

621 1902 767 1974 pontificis
790 1911 918 1975 recepto,
938 1905 969 1959 in
992 1905 1092 1977 aliquo
1116 1905 1215 1976 paruit
1238 1904 1287 1959 vel
1310 1905 1449 1976 pepercit,
1470 1910 1501 1960 et
1524 1904 1602 1976 quod
1627 1904 1673 1960 in·

621 1986 729 2042 auditae
755 1989 939 2044 crudelitatis
964 1995 1019 2055 est,
1041 2006 1147 2044 nomen
1170 1995 1312 2053 vestrum,
1331 1988 1410 2061 quod
1433 1990 1601 2045 invocatum
1626 1996 1674 2045 est

623 2089 711 2142 super
733 2091 796 2138 nos,
817 2078 848 2128 et
870 2073 1017 2128 universis
1042 2079 1144 2128 contra
1167 2074 1370 2145 oppressiones
1392 2073 1468 2128 solet
1486 2091 1552 2128 esse
1575 2090 1673 2128 reme-

622 2155 713 2220 dium,
735 2156 818 2212 nobis
843 2157 914 2213 solis
939 2157 1103 2212 afflictionis
1123 2175 1238 2229 semper
1262 2158 1386 2213 accessit
1408 2156 1446 2211 'ad
1467 2163 1670 2229 angmentum.

561 2287 569 2304 ‚
622 2240 662 2295 Et
680 2241 766 2311 juxta
786 2240 817 2295 id
838 2241 916 2313 qnod
942 2260 960 2297 a
987 2241 1103 2296 clericis
1128 2241 1238 2296 domini
1258 2242 1470 2313 archiepiscopi
1488 2260 1506 2296 a
1523 2241 1671 2314 principio

621 2324 853 2396 improperatum
885 2331 939 2390 est,
969 2331 999 2380 et
1028 2325 1124 2381 adhuc
1148 2325 1280 2396 quotidie
1311 2326 1536 2396 improperatur,
1573 2325 1670 2381 “Vos

453 2401 525 2496 ἒξξῑῐ
533 2414 588 2496 ⁰¹2⁰·
624 2411 643 2435 “
663 2409 816 2481 appelletis
835 2415 865 2464 et
888 2428 941 2464 nos
960 2408 1186 2480 expilabimus.”
1223 2409 1262 2463 Et
1281 2410 1513 2481 quotiescunque
1539 2408 1671 2480 appella·

453 2465 595 2547 naq-dacer
621 2493 728 2558 vimus,
765 2493 938 2550 conditionis
974 2500 1082 2548 nostrae
1118 2493 1259 2549 terminos
1301 2493 1474 2549 deteriorari
1511 2493 1669 2549 sensimus.

452 2554 597 2701 ffiff
623 2576 774 2717 Slnperlpgae
796 2578 884 2634 etiam
908 2583 939 2634 et
956 2577 1120 2673 insolentia
1139 2594 1202 2714 lnou
1224 2577 1380 2673 minimum
1397 2577 1564 2716 Ξοτίὴὶωῖι,
1580 2576 1672 2716 t‹prrod

620 2679 660 2716 ar
682 2679 720 2716 ua
750 2680 770 2716 n
856 2679 964 2716 russum
985 2679 1078 2716 sunus
1102 2678 1139 2716 ve
1175 2679 1241 2716 ausi
1266 2679 1367 2716 sumus
1464 2678 1483 2716 a
1522 2678 1580 2715 ea
1604 2677 1670 2716 oms

619 2680 753 2811 veibum,
768 2680 948 2801 ilddleamus
962 2680 1135 2810 demedium,
1150 2745 1313 2808 convolare,
1328 2751 1358 2799 et
1371 2678 1521 2816 judiciuhh>
1530 2744 1670 2800 Romania

619 2829 708 2893 sedis,
724 2830 801 2901 quod
820 2847 936 2901 semper
955 2830 1119 2900 optavimus
1139 2835 1169 2885 et
1186 2837 1330 2900 optamus,
1343 2829 1516 2901 Anglicanae
1527 2829 1669 2900 praelerre

619 2914 760 2970 ecclesiae.
804 2914 940 2969 Fecimus
964 2915 1058 2984 igitur
1078 2914 1158 2984 qued
1175 2915 1335 2985 potuimus,
1355 2921 1385 2969 et
1408 2914 1502 2969 adhuc
1527 2913 1605 2968 servi
1623 2913 1668 2968 in·
1681 2925 1812 2972 sanson

619 2998 707 3053 utiles
729 3017 840 3054 sumus.
884 2998 1027 3054 Maternis
1047 2998 1161 3052 sinibus
1181 2999 1242 3052 filia
1263 2998 1426 3069 spiritualis
1448 3016 1515 3053 snas
1535 2996 1669 3069 deplora·
1681 2979 1716 3021 ¹⁰·

619 3084 664 3138 vit
680 3083 824 3147 miserias,
839 3089 869 3137 et
881 3083 975 3138 adhuc
994 3082 1048 3136 snb
1067 3083 1130 3136 luto
1149 3089 1179 3137 et
1196 3083 1287 3137 latere
1306 3082 1438 3154 subjecta
1455 3088 1502 3138 est
1519 3082 1812 3139 renitententis]

452 3181 583 3244 Thesea,
622 3167 792 3223 Sanctitatis
816 3168 909 3239 igitur
932 3172 1040 3221 vestrae
1064 3165 1188 3236 pedibus
1211 3184 1310 3221 omncs
1332 3173 1363 3221 et
1386 3166 1495 3237 singuli
1518 3167 1669 3237 provoluti

451 3232 593 3335 {ffssm'
619 3254 813 3324 postulamus,
835 3257 869 3307 ut
885 3252 996 3307 intuitu
1015 3250 1073 3304 Dei
1091 3256 1121 3306 et
1137 3250 1216 3306 beati
1233 3251 1372 3322 martyris
1393 3251 1520 3315 rhome,
1542 3250 1590 3306 cui
1613 3269 1670 3322 pro

452 3334 599 3426 ppthtoaid
619 3338 744 3393 veritate
772 3337 902 3392 exulanti
921 3334 1085 3390 sanctitatis
1103 3343 1209 3389 vestras
1228 3336 1325 3405 gratia
1343 3334 1518 3406 patrocinari
1542 3352 1601 3389 non
1618 3335 1670 3391 de·

480 3396 524 3429 em‘
621 3422 705 3486 stitit,
721 3420 925 3476 Cantuariensi
944 3419 1085 3482 ecelesiae,
1106 3419 1137 3472 in
1155 3419 1239 3490 eujus
1258 3419 1372 3489 gremio
1389 3425 1502 3489 martyr
1520 3418 1669 3489 gloriosus

621 3506 766 3568 occubuit,
800 3505 954 3559 subvenire
982 3503 1155 3574 dignemini,
1185 3510 1218 3558 ut
1243 3521 1295 3574 per
1321 3521 1440 3557 manum
1469 3502 1669 3558 miserationis

621 3596 726 3643 vestrm
753 3589 788 3642 de
807 3590 911 3659 laqueo
939 3595 1039 3658 erepta
1058 3587 1227 3641 venantium
1244 3587 1328 3640 vobis
1355 3594 1385 3640 et
1402 3587 1508 3641 vestris
1534 3591 1670 3643 teneatur
1682 3600 1812 3646 Faenius

620 3672 841 3741 inperpetuum
869 3677 899 3725 et
926 3689 990 3739 quoe
1009 3670 1095 3724 toties
1123 3688 1175 3740 per
1193 3688 1245 3724 vos
1274 3677 1373 3740 erepta
1391 3677 1436 3723 est
1459 3688 1477 3724 a
1501 3672 1666 3742 naufragio,

621 3773 721 3809 euram
753 3755 778 3808 si
814 3755 911 3823 placet
940 3754 1119 3823 periclitanti
1156 3755 1300 3825 apponite,
1331 3772 1367 3808 ne
1403 3755 1457 3808 hac
1493 3759 1668 3825 tempestate

621 3840 736 3910 penitus
756 3839 944 3909 demergatur
962 3839 993 3891 in
1010 3839 1164 3909 profundo.
1202 3839 1316 3902 Valctc,
1337 3845 1420 3908 pater
1438 3838 1617 3904 dulcissime,
1639 3848 1669 3896 et

622 3923 749 3993 Spiritus
775 3923 874 3977 Sancti
900 3921 996 3991 gratia
1026 3941 1078 3976 vos
1109 3924 1235 3978 instruat
1266 3941 1330 3992 quai
1360 3923 1440 3993 loqui
1471 3922 1601 3979 debeatis
1639 3932 1669 3980 et

621 4008 725 4061 lacere.

833 4116 871 4166 lu
889 4113 1006 4167 etiamne
1024 4114 1137 4168 medina
1155 4114 1225 4168 aliia
1244 4113 1450 4167 cardinalibus.

485 4351 572 4397 claren.
627 4347 702 4404 001.
737 4349 872 4403 Hononre
892 4363 989 4402 rinoiu
1008 4364 1041 4402 ar
1061 4362 1214 4401 uincamus
1230 4347 1397 4402 Centaurus
1417 4347 1657 4402 clarummane.

384 4512 387 4517 -
451 4484 604 4528 Theronvcnt
653 4470 681 4524 A
699 4471 886 4525 tribulatione
914 4471 1059 4524 malorum
1078 4476 1107 4523 et
1132 4469 1230 4523 dolore
1249 4471 1333 4524 triste
1353 4470 1498 4525 scribendi
1518 4477 1667 4526 sumentes

450 4536 584 4630 fflflnfftigssn
618 4556 746 4621 initium,
775 4557 837 4610 vita
862 4574 929 4610 eum
955 4556 1067 4608 calamo
1094 4554 1295 4618 concordante,
1316 4555 1414 4608 tristia
1439 4556 1539 4609 tristes
1565 4555 1668 4610 scribi-

450 4598 550 4730 ῗῖῐῦξῖῐῐ
619 4658 693 4701 mua,
720 4640 848 4694 nondum
875 4647 973 4693 tamen
1000 4638 1036 4691 de
1065 4638 1150 4691 unica
1173 4637 1271 4708 Ipsius
1300 4638 1477 4692 desolatione
1508 4638 1665 4709 desperati,

461 4698 503 4730 rou
528 4700 559 4731 es.
619 4723 676 4792 Qui
701 4743 790 4796 prope
816 4729 861 4778 cst
878 4723 915 4778 iis
935 4724 985 4793 qui
1010 4722 1143 4776 tribulati
1163 4730 1231 4777 sunt
1249 4723 1344 4785 eorde,
1365 4729 1395 4775 et
1413 4722 1539 4776 humiles
1559 4723 1667 4794 spiritu
1680 4736 1812 4783 raanan

619 4809 771 4861 consuevit
797 4808 919 4862 salvare.
965 4806 1050 4859 Licet
1076 4805 1218 4859 malorum
1250 4811 1415 4860 nostrorum
1441 4824 1581 4859 numerus
1603 4806 1668 4876 jam

619 4892 841 4947 innumerabilis
860 4892 981 4944 effeetus
1006 4891 1197 4961 epistolarum
1222 4890 1366 4944 brevitate
1393 4909 1451 4944 non
1478 4891 1572 4960 possit
1590 4909 1667 4945 eom·

619 4975 770 5047 prehendi,
802 4975 887 5028 solito
920 4981 1017 5027 tumen
1047 4974 1180 5029 crebrius
1211 4976 1247 5028 de
1278 4982 1356 5030 statu
1387 4981 1495 5038 nostro,
1525 4976 1576 5046 qui
1603 4976 1666 5046 J'am

619 5061 735 5131 penitus
753 5058 920 5114 destructus
939 5063 993 5121 est,
1013 5058 1097 5113 vobis
1123 5059 1289 5123 scribimus,
1310 5058 1380 5129 quia
1400 5058 1436 5112 de
1463 5059 1512 5113 die
1537 5059 1569 5113 in
1586 5059 1666 5116 diem
