4192 6392
619 1156 685 1219 240
903 1176 1075 1225 emarcum
1098 1176 1386 1237 cauroAmmsns,

472 1347 593 1395 *lm-¹¹⁸⁸·
616 1359 734 1430 possitis
753 1363 783 1412 et
799 1376 852 1411 vos
870 1358 1017 1427 consequi.
1056 1357 1096 1414 Et
1119 1359 1188 1428 quia
1211 1359 1246 1414 de
1270 1379 1358 1414 manu
1382 1359 1500 1414 Domini
1519 1364 1669 1429 gratanter

450 1412 605 1509 griffi&
617 1444 787 1514 suscepistis
813 1442 942 1513 pacifica,
966 1443 1035 1512 jure
1059 1443 1204 1513 patienter
1233 1445 1358 1499 tolerare
1389 1444 1501 1499 debetis
1533 1444 1665 1510 adversa,

448 1513 582 1608 fflffiffl
617 1529 691 1582 sorte
710 1528 746 1582 ad
764 1532 942 1582 momentum
969 1528 1162 1597 exspiratura.
1208 1527 1338 1583 Alterura
1367 1530 1445 1582 enim
1472 1534 1541 1583 sunt
1568 1547 1667 1584 rerum

450 1614 564 1660 meusne
615 1611 842 1674 vicissitudines,
870 1615 899 1664 et
924 1609 1001 1665 sieut
1030 1610 1066 1664 de
1097 1613 1284 1667 successibus
1313 1612 1461 1683 prosperis
1491 1613 1593 1682 lapsus
1623 1619 1668 1669 est

448 1667 579 1775 Ἓξ·
615 1696 720 1759 facilis,
740 1694 782 1749 sie
809 1699 839 1748 ct
863 1693 895 1747 in
912 1694 1111 1761 centrarium
1131 1712 1185 1750 neo
1212 1696 1400 1767 prudentiam
1427 1702 1557 1750 restrum
1575 1696 1666 1752 latere

614 1779 700 1834 credo
725 1779 798 1832 nihil
818 1783 960 1832 assatam
984 1778 1102 1832 firmum
1126 1780 1175 1833 cui
1198 1797 1259 1833 non
1282 1780 1322 1834 sit
1340 1780 1505 1850 perieulum
1524 1797 1540 1834 e
1559 1781 1664 1836 vicino.

613 1863 686 1917 Haec
712 1862 822 1916 idcireo
847 1861 929 1915 robis
957 1862 1063 1926 scribo,
1083 1869 1117 1918 ut
1143 1862 1275 1918 lubricos
1299 1865 1424 1918 fortemne
1450 1881 1536 1918 casus
1560 1865 1666 1919 melius

613 1947 790 2006 sustineatis,
818 1963 871 1999 nec
899 1942 1046 2010 diffidatis,
1072 1945 1128 2002 sed
1155 1947 1223 2001 talis
1253 1948 1292 2002 sit
1314 1941 1420 2002 restri'
1435 1948 1606 2012 consumtis,
1635 1953 1668 2003 ut

613 2048 718 2100 sponsa
748 2029 858 2085 Christi
885 2029 916 2083 in
942 2030 1075 2084 futurum
1093 2030 1221 2085 Honorii
1252 2032 1346 2101 possit
1376 2031 1505 2101 gaudere
1532 2032 1664 2087 victoria.

613 2113 758 2168 Caeterum
785 2114 888 2168 scitote
913 2114 983 2184 quia
1001 2113 1130 2185 quotidie
1148 2115 1292 2169 memoria
1308 2122 1408 2169 vestra
1426 2116 1467 2169 ibi
1486 2116 1595 2185 agitur,
1615 2116 1666 2171 ubi

611 2198 693 2252 Patri
724 2197 818 2252 Filius
848 2197 1026 2252 immolatur.
1076 2198 1153 2253 Item
1179 2199 1331 2253 vobiscum
1366 2217 1431 2253 sum
1459 2206 1490 2253 ct
1512 2200 1665 2256 vobiscum

611 2299 721 2345 maneo,
747 2282 817 2336 lieet
842 2299 964 2353 corpora
989 2280 1140 2353 disjungat
1165 2282 1298 2337 loeorum
1325 2283 1521 2353 intercapedo.
1559 2284 1665 2340 Valete

612 2366 643 2419 in
661 2365 795 2420 Domine.

742 2601 906 2658 CCLVIII.
943 2602 1093 2656 Msersme
1113 2601 1268 2657 (ἒιιιιιιιιιο1
1288 2602 1374 2656 Haeo
1392 2601 1544 2656 Lsususrs.

443 2734 586 2832 ffffiofoed
646 2733 785 2788 Pluribus
803 2733 975 2798 rationibus,
995 2733 1122 2796 casibus,
1137 2737 1167 2787 et
1184 2733 1276 2787 variis
1295 2733 1477 2803 respectibus
1495 2731 1660 2797 lacessitus,

441 2800 599 2884 dercho?
610 2817 745 2880 inediam,
764 2818 969 2872 tribulationes
993 2822 1024 2871 et
1041 2817 1192 2888 angustias
1218 2835 1290 2887 (luas
1308 2817 1427 2887 injuste,
1448 2817 1579 2871 omnium
1596 2834 1661 2888 pro·

441 2885 590 2983 fflssfflgssl
609 2901 713 2954 borum
730 2901 847 2971 Angliae
872 2899 1041 2964 assertione,
1061 2899 1239 2954 venerabilis
1265 2905 1423 2955 conventus
1444 2901 1569 2955 sustinet
1588 2900 1662 2956 Can·

442 2987 584 3035 nalGersrd
608 2984 775 3048 tuaricusis,
795 2984 877 3038 vobis
903 2983 1029 3037 maxime
1055 2999 1145 3052 cogor
1169 2988 1200 3037 et
1224 2989 1324 3037 teneor
1343 3001 1488 3046 enarrare,
1509 2989 1573 3038 tum
1593 2984 1662 3054 quia

608 3068 640 3121 in
658 3068 782 3122 ecelesia
799 3067 856 3121 Dei
874 3066 993 3137 dignius
1011 3069 1063 3120 aut
1080 3082 1115 3120 eo
1132 3066 1293 3130 honestius,
1315 3066 1392 3135 quod
1411 3084 1481 3120 sana
1498 3072 1528 3120 ct
1546 3067 1662 3138 integra

608 3151 690 3205 valeo
715 3168 846 3205 asserere
876 3149 1061 3213 conscientia,
1093 3166 1151 3202 nen
1181 3149 1269 3202 credo
1299 3149 1467 3220 collegium,
1498 3167 1552 3204 nec
1582 3149 1661 3221 quod

607 3243 721 3291 uestros
746 3234 841 3305 magis
870 3233 976 3304 diligat
1002 3237 1032 3287 et
1048 3231 1180 3295 honoret,
1201 3238 1231 3286 et
1253 3232 1360 3286 habeat
1378 3234 1408 3286 in
1426 3233 1574 3304 proposito
1592 3233 1660 3287 dili·

607 3321 714 3390 gendi3
734 3325 798 3374 tum
824 3318 893 3389 quia
918 3317 1013 3381 rideo,
1034 3321 1064 3371 et
1089 3315 1207 3371 videtur
1232 3334 1249 3369 a
1272 3316 1407 3371 diseretis
1432 3324 1462 3371 et
1479 3314 1659 3386 sapientibus
1734 3380 1739 3389 Ι

607 3404 787 3475 inpartibus
806 3402 876 3465 illis,
890 3401 922 3455 in
936 3400 1061 3471 jactura,
1077 3398 1154 3469 quod
1174 3396 1280 3469 [Deus]
1295 3405 1416 3463 avertat,
1438 3406 1467 3454 et
1485 3399 1660 3456 detrimento

604 3487 667 3557 jam
696 3487 769 3541 dicti
802 3490 971 3547 cenventus,
1003 3481 1072 3536 fidei
1103 3481 1277 3536 Christianae
1316 3482 1475 3536 universali
1515 3483 1656 3548 ecclesiae,

608 3578 799 3624 sacrosanctae
827 3568 898 3632 sodi,
920 3574 949 3621 et
972 3567 1027 3620 teti
1044 3565 1215 3636 Anglieanae
1235 3565 1365 3619 ecclesia
1383 3566 1548 3635 perieulum
1566 3567 1655 3622 maxi·

436 3642 570 3741 ffifflo
606 3670 697 3714 mum,
730 3652 818 3704 immo
846 3649 1039 3720 importabile,
1072 3649 1232 3702 imminere.
1288 3649 1438 3718 Luporum
1463 3651 1540 3703 euim
1578 3668 1655 3706 sceva

438 3750 533 3800 pitisblo
606 3736 764 3804 rapacitate
783 3734 919 3797 demersi,
933 3733 1044 3803 proprii
1062 3733 1188 3802 pastoris
1206 3751 1325 3787 rancore
1339 3741 1368 3786 et
1381 3734 1511 3803 ingluvia
1523 3734 1651 3800 lacerati,

435 3805 537 3855 ”wll
607 3819 643 3872 ad
669 3819 723 3872 hoe
751 3817 868 3870 deducti
897 3823 964 3871 sunt
991 3817 1217 3871 Cantuarienses
1242 3818 1385 3880 monaehi,
1414 3817 1491 3887 quod
1517 3819 1594 3872 sicut
1622 3819 1652 3871 in

605 3902 738 3964 veritate,
760 3919 824 3971 quar
852 3900 931 3954 Deus
957 3906 1011 3962 est,
1037 3900 1413 3969 possumooulidentissimc
1438 3900 1578 3970 profiteri,
1604 3902 1775 3955 nemetum

606 3988 676 4040 dum
703 3985 866 4055 hospitibus
893 4002 965 4054 quos
992 3983 1191 4036 indifferenter
1219 3990 1248 4037 et
1271 3984 1426 4037 honorilice
1445 3984 1604 4053 hospitium
1622 3963 1681 4038 infl'

605 4071 726 4123 caritate
744 4073 875 4139 petentes
894 4072 1108 4123 consueverunt
1126 4068 1266 4137 recipere,
1287 4074 1316 4121 et
1335 4067 1468 4120 omuibus
1486 4068 1651 4136 petentibus

605 4153 641 4207 ad
667 4154 735 4206 ritae
762 4152 1001 4206 sustentationem
1025 4150 1173 4204 commode
1200 4151 1413 4219 eleemosynam
1439 4150 1569 4220 elargiri,
1594 4169 1651 4204 non

604 4237 710 4291 hahent
729 4235 806 4305 quod
825 4236 986 4300 exhibeant,
1005 4234 1063 4288 nisi
1083 4234 1137 4288 sub
1156 4234 1351 4288 acerbissimis
1380 4234 1523 4303 accipiant
1540 4235 1648 4289 usuris.

604 4320 736 4388 Qualiter
764 4319 819 4373 sibi
847 4319 928 4389 ipsis,
950 4318 999 4389 qui
1024 4323 1121 4372 tantos
1144 4324 1173 4371 ct
1196 4318 1270 4371 talos
1291 4317 1421 4371 solebant
1440 4336 1503 4371 csse
1522 4319 1552 4371 iu
1570 4318 1651 4372 rictu

604 4414 632 4460 et
650 4406 769 4467 vestitu,
795 4403 967 4474 provideant
997 4408 1027 4455 et
1050 4402 1164 4472 possint
1191 4401 1353 4471 providero,
1374 4400 1458 4454 valde
1483 4401 1649 4455 miserabile

603 4497 648 4543 cst
666 4489 765 4544 videre
785 4494 814 4541 et
832 4504 967 4541 enarrare
986 4485 1130 4539 mirabile.
1168 4485 1304 4555 Ipsorum
1324 4503 1391 4538 saue
1404 4485 1647 4555 archiepiscopus

602 4579 668 4642 post
693 4574 781 4626 ctiam
809 4571 846 4624 ad
873 4570 972 4624 sedem
999 4569 1186 4639 apostolicam
1211 4569 1444 4639 appellationem,
1465 4578 1530 4638 post
1548 4586 1648 4638 preces

602 4663 632 4710 ct
658 4656 826 4709 mandatum
852 4654 962 4707 domini
986 4670 1079 4723 papae,
1106 4658 1174 4722 post
1204 4652 1334 4721 ejusdem
1364 4652 1590 4720 prohibitionem
1619 4657 1649 4705 ct

602 4741 803 4810 delegatorum
830 4738 1037 4802 executionem,
1059 4742 1092 4790 ut
1116 4736 1152 4790 ab
1180 4754 1280 4789 eorum
1308 4736 1526 4805 gravaminibus
1551 4743 1581 4789 ct
1604 4736 1646 4789 in·

633 5013 639 5040 ¹
662 5009 757 5059 Gerard
777 5006 943 5072 Allucingoli,
961 5007 991 5055 of
1004 5006 1099 5067 Lueca,
1147 5006 1178 5055 of
1196 5006 1222 5056 S.
1235 5006 1332 5055 Aoi-ian
1349 5006 1384 5068 by
1401 5005 1469 5068 Pope
1490 5005 1585 5055 Lucius
1596 5004 1639 5055 111

598 5093 672 5142 made
689 5088 803 5139 cardinal
823 5089 916 5137 descen
934 5086 964 5136 of
982 5085 1025 5135 the
1044 5086 1099 5136 title
1146 5086 1173 5134 in
1187 5090 1259 5136 1182.
