4192 6392
640 1201 704 1263 158
924 1216 1097 1268 rrrsrorm
1120 1218 1412 1280 caurnsaimsus

395 1433 398 1443 ·
485 1393 540 1490 {fn
534 1399 607 1441 ¹1⁸&
637 1402 669 1453 et
686 1398 841 1455 offerendas
858 1399 1055 1472 processionis
1072 1391 1158 1455 missi
1177 1399 1295 1455 anobis
1313 1399 1431 1456 adeum
1448 1406 1598 1467 venerant,
1612 1404 1698 1458 aute·

468 1458 606 1555 11⁴³an
638 1501 725 1554 quam
744 1500 812 1538 eum
829 1483 972 1550 riderent,
993 1501 1046 1556 per
1069 1484 1269 1541 internuncios
1292 1483 1480 1541 denunciavit
1496 1486 1697 1542 excommuni-

466 1564 597 1658 fflfflg·
637 1575 727 1637 catos,
755 1577 787 1626 et
812 1570 865 1643 qui
889 1570 1030 1626 honorem
1058 1570 1228 1636 offerebant,
1248 1569 1354 1626 ablatis
1372 1587 1474 1625 eorum
1493 1570 1588 1641 equis,
1607 1571 1694 1628 inho·

467 1665 586 1717 sub-snos
637 1654 756 1710 noriflee
792 1655 911 1710 domum
942 1656 1017 1727 pede
1053 1656 1166 1710 reversi
1196 1662 1274 1711 suut
1324 1654 1483 1710 Dominum
1513 1654 1694 1713 Gaufridum

467 1715 610 1823 (ffi‘qns
637 1742 821 1840 suppriorem
847 1749 990 1806 nostrum,
1010 1749 1041 1799 et
1069 1760 1168 1798 omnes
1197 1743 1255 1798 sibi
1279 1742 1502 1807 consentientes,
1522 1760 1589 1798 cum
1615 1743 1694 1799 nihil

637 1828 700 1881 sine
717 1827 801 1882 nobis
819 1827 869 1883 rel
889 1845 942 1883 nos
963 1827 1026 1883 sine
1045 1828 1119 1899 ipso,
1140 1827 1192 1883 sad
1207 1828 1244 1882 de
1265 1828 1412 1882 communi
1432 1827 1555 1899 capituli
1567 1826 1694 1884 oonsilio

636 1910 804 1977 fecerimus,
833 1930 887 1984 per
913 1918 1004 1968 totam
1028 1910 1168 1983 Angliam
1197 1911 1385 1967 denunciavit
1408 1913 1692 1970 excommunicatos:

636 1995 711 2050 nihil
722 2013 843 2068 prorsus
861 1995 909 2052 rel
922 1996 1111 2070 appellationi
1131 1995 1281 2052 adsedem
1299 1996 1489 2068 apostolicam
1508 1997 1694 2069 interpositis

636 2079 779 2145 deserens,
794 2082 841 2136 rel
860 2082 1052 2152 indulgentie
1065 2099 1154 2152 quam
1175 2080 1259 2136 nobis
1279 2080 1374 2135 felicis
1386 2081 1535 2136 memoriae
1552 2080 1694 2139 Urbanus

635 2156 710 2235 papa
738 2166 790 2220 lite
820 2166 963 2237 pendente
988 2166 1120 2221 indulsit.
1159 2165 1263 2221 Portas
1290 2166 1451 2221 coemeterii
1474 2167 1568 2222 nostri
1593 2168 1693 2225 tribus

635 2250 738 2306 diebus
751 2258 781 2306 et
793 2252 887 2306 tribus
906 2251 1041 2307 noctibus
1059 2251 1205 2306 continuis
1224 2250 1340 2315 clausit,
1360 2251 1403 2305 ita
1428 2256 1463 2305 ut
1487 2269 1541 2305 nec
1559 2252 1693 2309 esurien-

633 2334 714 2391 tibus
738 2336 822 2392 nobis
849 2344 880 2392 et
905 2337 981 2392 lame
1000 2336 1138 2392 cruciatis
1160 2335 1318 2406 quicquam
1336 2333 1395 2390 cibi
1412 2353 1431 2391 a
1454 2333 1567 2392 civibus
1590 2345 1695 2409 posset

634 2419 743 2486 afferri,
756 2439 810 2476 nec
828 2439 846 2476 a
862 2422 1028 2493 peregrinis
1047 2422 1084 2477 de
1102 2421 1191 2491 longe
1209 2419 1395 2476 venientibus
1414 2419 1452 2474 ad
1469 2426 1629 2493 martyrem
1647 2423 1694 2477 in-

634 2505 727 2560 troiri.
765 2505 824 2561 Pro
842 2507 888 2562 his
907 2507 1000 2578 igitur
1018 2512 1048 2562 et
1065 2505 1132 2562 aliis
1151 2523 1217 2577 quse
1234 2505 1323 2560 nimis
1341 2511 1411 2560 uota
1428 2510 1505 2569 sunt,
1523 2512 1553 2560 et
1568 2506 1693 2579 longum

634 2596 713 2646 esset
736 2609 906 2647 enumerare
925 2597 956 2648 et
973 2592 1124 2656 absonum,
1145 2611 1163 2647 a
1179 2589 1304 2646 solemni
1331 2607 1537 2662 campanarum
1563 2596 1593 2645 et
1616 2590 1694 2647 divi-

594 2692 739 2731 ·norum
762 2675 1007 2741 celebrationes
1027 2676 1076 2732 die
1102 2676 1181 2731 beati
1205 2673 1317 2730 Hilarii
1340 2674 1530 2740 cessavimus,
1550 2675 1582 2730 in
1604 2675 1693 2733 luctu

634 2770 664 2816 et
693 2761 832 2832 lacrymis
861 2761 1034 2834 plangentes
1065 2766 1096 2817 et
1124 2761 1262 2831 lugentes
1285 2763 1381 2814 tantas
1406 2765 1437 2814 et
1465 2765 1525 2815 tam
1555 2777 1693 2817 enormes

554 2910 560 2921 .
634 2846 765 2900 ecclesiae
792 2845 858 2909 Dei.
879 2864 992 2917 spousae
1018 2845 1130 2902 Christi
1157 2844 1240 2910 Jesu,
1260 2844 1405 2915 irrogatas
1436 2844 1561 2915 injurias
1584 2851 1616 2901 et
1640 2865 1693 2918 op-

633 2931 808 3007 pressiones.
846 2929 909 2987 Nos
927 2931 1030 3002 igitur,
1057 2930 1109 3002 qui
1127 2929 1222 2985 dolori
1248 2935 1279 2984 et
1302 2928 1475 2985 desolationi
1499 2935 1640 2986 maternas
1659 2942 1693 2988 et

633 3019 740 3069 nostras
767 3014 898 3070 volentes
918 3014 1037 3085 quidem
1065 3013 1193 3069 sednon
1210 3013 1341 3068 valentes
1359 3013 1504 3084 lacrymas
1528 3012 1692 3086 condignas

633 3098 810 3170 impendere,
840 3099 974 3153 omuibus
999 3098 1083 3154 vobis
1102 3102 1132 3152 et
1159 3097 1286 3168 singulis
1314 3097 1512 3168 supplicamus
1536 3099 1689 3164 attentius,

633 3188 776 3254 quatenus
804 3201 920 3239 carcere
947 3183 1058 3239 carnali
1085 3188 1247 3239 coarctatos
1271 3181 1438 3237 visitatione
1456 3183 1582 3238 visitetis
1601 3184 1690 3256 spiri·

631 3268 849 3332 meliorantes
874 3275 908 3323 ut
925 3268 956 3323 iu
979 3273 1111 3339 tempore
1135 3271 1296 3338 opportuno
1321 3266 1422 3321 visitet
1444 3284 1497 3321 nos
1521 3265 1627 3323 Oriens
1651 3287 1690 3324 ex
1704 3276 1813 3322 S.Lukst

631 3352 700 3416 alto,
721 3358 751 3407 et
767 3353 902 3408 miserias
920 3370 1082 3423 pauperum
1107 3357 1137 3406 et
1160 3351 1343 3423 captivorum
1365 3368 1423 3405 non
1447 3351 1632 3422 derelinquat
1655 3354 1689 3409 in

557 3425 727 3500 finem,
746 3437 798 3491 sed
817 3437 867 3492 det
884 3438 1078 3493 clamantibus
1102 3442 1132 3491 et
1156 3436 1341 3508 sperantibus
1366 3437 1396 3491 in
1413 3435 1490 3490 Eum
1509 3454 1576 3492 cum
1593 3443 1689 3493 teuta·
1702 3449 1814 3495 iceras

631 3521 709 3574 tione
728 3527 910 3591 proventum,
930 3527 965 3575 ut
983 3522 1128 3577 sustinere
1147 3521 1269 3593 possint,
1290 3526 1320 3575 et
1343 3521 1395 3574 irae
1411 3520 1479 3575 Sura
1497 3520 1686 3588 obliviscens,

632 3605 898 3659 misericordiarum
930 3606 1065 3669 Suarum,
1087 3623 1211 3675 quarum
1240 3622 1379 3658 numerus
1412 3623 1468 3659 non
1498 3607 1687 3678 comprehen-

631 3688 720 3750 ditur,
740 3689 954 3743 reminiscatur.
1005 3690 1117 3744 Dilutet
1147 3690 1289 3744 Dominus
1317 3689 1404 3743 corda
1433 3696 1531 3746 vestra
1559 3692 1591 3745 in
1622 3693 1687 3749 vias
1702 3697 1805 3743 Paetis.

630 3772 831 3828 mandatorum
852 3774 988 3837 Suorum,
1009 3781 1040 3830 et
1064 3793 1116 3830 nos
1142 3775 1173 3830 in
1200 3774 1390 3845 petitionibus
1411 3775 1519 3830 uostris
1538 3776 1685 3834 exaudiat.

630 3856 743 3912 Valeto.

461 4107 612 4163 Aboutspril
639 4094 787 4149 CLXXX
824 4094 1055 4150 Hammonem
1076 4096 1227 4151 Ssx0u1s¹
1248 4096 1675 4152 ConsumtsCauruaamss1s.

462 4248 615 4291 murmurent
665 4231 712 4284 Ad
731 4229 917 4284 celsitudinis
930 4236 1036 4284 vcstrre
1049 4231 1181 4285 notitiam
1201 4230 1346 4285 credimus
1365 4231 1542 4302 pervenisse,
1557 4231 1686 4302 qualiter
1749 4246 1756 4265 ·

462 4299 595 4392 ξῖζξξζᾞξὴῦ
630 4315 764 4369 dominus
785 4314 858 4368 Cant
847 4314 1004 4369 tuariensis
1023 4315 1269 4387 archiepiscopus
1286 4333 1373 4386 quem
1392 4316 1552 4386 inpetrem
1571 4319 1685 4386 etpas·

461 4401 586 4494 bffiffsslof
628 4409 731 4463 torem,
752 4418 819 4453 rum
837 4400 869 4453 in
881 4398 992 4470 Anglia
1010 4400 1124 4464 essetis,
1145 4400 1202 4454 ad
1194 4401 1361 4455 metentium
1374 4400 1484 4454 domiui
1504 4399 1585 4470 regis
1603 4416 1684 4454 rece·

461 4502 569 4553 troubles,
628 4486 734 4555 pimuS,
755 4502 873 4538 manum
893 4502 974 4538 suam
994 4501 1153 4555 supernos
1175 4485 1356 4555 aggravavit
1378 4485 1493 4554 quinci
1517 4485 1683 4539 consentire
1695 4484 1731 4528 ts
1739 4486 1812 4531 clxxvi

628 4569 1001 4632 rioluim11S,11tecclesiam
1024 4569 1197 4623 clericorum
1217 4570 1400 4623 secularium
1418 4569 1453 4623 de
1472 4569 1555 4622 bonis
1574 4576 1682 4624 nostrae

625 4654 710 4722 juxta
727 4673 779 4707 nos
799 4654 943 4708 fundaret.
981 4653 1068 4707 Nunc
1087 4672 1157 4709 vero
1178 4654 1213 4707 de
1232 4671 1306 4708 novo
1326 4654 1422 4707 sunnia
1441 4671 1505 4724 quae
1524 4653 1554 4707 in
1573 4653 1683 4708 mundo

629 4738 794 4800 habuimus,
814 4745 888 4808 praet
890 4756 922 4791 ei
877 4739 1035 4792 tsolum
1048 4739 1209 4793 claustrum
1222 4747 1252 4793 et
1264 4739 1427 4802 ecclesium,
1447 4738 1531 4792 nobis
1549 4737 1680 4802 abstulit,

631 4823 671 4877 ita
690 4824 768 4894 quod
785 4841 837 4877 nec
856 4825 968 4878 victum
981 4823 1067 4875 unius
1087 4822 1146 4876 diei
1164 4823 1265 4877 abt
1219 4831 1265 4877 oct
1267 4823 1328 4877 avis
1348 4823 1519 4894 Epiphaniae
1537 4840 1632 4893 nsque
1651 4825 1682 4877 in

628 4913 793 4977 presentem
813 4907 946 4960 diemde
966 4907 1041 4959 omni
1072 4907 1235 4960 substantio
1261 4914 1361 4961 nostru
1389 4907 1495 4960 habere
1519 4908 1679 4978 potuimus.

698 5165 703 5191 ¹
724 5162 811 5225 licury
822 5161 865 5210 thr
877 5160 949 5220 Lien,
962 5161 1027 5210 ‹lukc
1045 5161 1075 5209 of
1091 5163 1204 5226 Saxouy,
1216 5161 1265 5208 and
1278 5160 1425 5209 sou-iudea
1438 5161 1468 5208 of
1476 5160 1565 5225 Henry
1578 5160 1611 5209 11.
