4192 6392
612 1177 677 1240 304
894 1186 1065 1236 srrsrons
1089 1185 1376 1248 clarummane,

464 1379 519 1424 ιι).
528 1384 585 1424 usa.
613 1366 750 1420 Romana
768 1363 899 1418 ecelesiae
917 1361 1009 1425 fieret,
1029 1361 1077 1415 vel
1096 1367 1304 1431 contemptum,
1326 1377 1378 1415 seu
1404 1360 1534 1416 libertati
1553 1365 1661 1416 vesu-ea

461 1432 580 1533 Affi,
613 1448 798 1520 dispendium
816 1452 978 1518 generaret
1022 1445 1071 1500 Ad
1094 1445 1148 1500 hoo
1173 1446 1395 1500 universitatem
1413 1451 1543 1501 vestram
1561 1463 1660 1501 mone-

444 1545 525 1588 anuto
612 1551 678 1587 mus
705 1532 853 1596 attentius,
873 1530 1013 1599 vobisque
1044 1529 1179 1583 omnibus
1210 1528 1343 1584 districte
1373 1531 1569 1600 proecipimus,
1590 1548 1663 1603 qua·

444 1596 554 1699 ffieqy
612 1624 697 1673 tenus
728 1616 874 1688 subpriori
911 1621 1018 1675 vestro,
1053 1613 1129 1668 sicut
1158 1614 1186 1667 ei
1217 1614 1268 1684 qui
1296 1631 1367 1668 vere
1396 1621 1494 1670 vester
1524 1614 1662 1686 subprior

445 1659 578 1790 llssffhlss
611 1707 773 1772 reputatur,
794 1699 961 1754 obediatis'
954 1717 983 1751 in
1011 1697 1156 1761 omnibus,
1183 1702 1214 1753 et
1240 1714 1308 1751 eum
1326 1697 1510 1769 subpriorem
1528 1698 1662 1753 habeatis

445 1758 552 1850 grimm
611 1788 688 1842 sicut
706 1787 845 1840 hactenus
863 1783 1017 1844 habuistis,
1038 1799 1091 1836 nec
1110 1782 1201 1835 alium
1228 1781 1356 1853 aliquem
1381 1782 1530 1853 recipiatis
1549 1782 1579 1836 in
1597 1783 1663 1837 loco

611 1870 722 1940 ipsius;
743 1868 768 1922 si
793 1867 881 1922 etiam
906 1865 1125 1920 Cantuariensis
1152 1865 1415 1936 archiepiscopus'
1407 1884 1439 1920 ιιι
1456 1871 1568 1920 tantam
1586 1884 1662 1936 prae·

611 1953 806 2024 sumptionem
824 1956 1035 2022 prorumperet,
1055 1955 1089 2004 ut
1107 1949 1198 2003 alium
1225 1949 1252 2002 ei
1278 1950 1457 2004 substituere
1483 1957 1661 2007 conaretur:

611 2038 735 2092 maxime
754 2053 821 2089 cum
840 2034 974 2089 dominus
986 2051 1062 2106 papa
1074 2051 1141 2088 eum
1153 2052 1207 2105 pro
1219 2034 1351 2089 absoluto
1364 2035 1478 2098 habeat,
1493 2040 1524 2089 et
1540 2041 1661 2106 reputet

612 2122 803 2191 subpriorem,
823 2126 853 2176 et
869 2137 922 2173 nos
940 2119 978 2173 ad
996 2135 1111 2172 ornnem
1130 2136 1197 2172 eum
1216 2119 1447 2173 communionem
1460 2118 1661 2183 admittamus,

612 2213 643 2261 et
660 2204 844 2275 subpriorem
862 2203 956 2258 modis
975 2203 1110 2258 omnibus
1128 2209 1309 2274 reputemus.
1349 2201 1464 2258 Valcte.

684 2459 878 2517 CCCXVIII.
916 2459 1068 2513 Jounuuss
1085 2458 1258 2515 masmana
1276 2474 1398 2515 ancisus
1416 2460 1590 2516 Bauuevrso

464 2505 582 2556 Arigusta
905 2543 1120 2599 ciscestrensi
1138 2558 1367 2600 mcurnrrscoro.

446 2682 577 2736 melereto
647 2676 837 2732 Meminimus
866 2681 972 2730 vestrm
1008 2676 1185 2731 fraternitati
1214 2694 1267 2731 nos
1299 2677 1453 2748 scripsisse
1484 2678 1601 2750 saepius,
1633 2686 1665 2734 et

446 2735 592 2837 fflffissm
613 2763 701 2817 etiam
728 2762 796 2816 viva
821 2777 892 2815 voce
917 2777 969 2813 vos
996 2761 1145 2815 monuisse
1173 2762 1353 2832 frequenter,
1383 2768 1417 2816 ut
1442 2762 1479 2817 ad
1505 2780 1607 2834 pacem
1633 2769 1664 2819 et

446 2797 584 2930 {hgifflgf
613 2846 796 2902 concordiam
821 2863 888 2899 eum
915 2843 1121 2899 Guntuariensi
1151 2845 1270 2900 rediret‘
1250 2851 1288 2900 trs
1319 2847 1461 2912 ecclesia;
1494 2853 1524 2902 et
1550 2847 1664 2902 utinam

447 2936 576 2989 mauu
614 2931 706 2985 simus
732 2928 869 2983 exauditi.
917 2927 1000 2996 Quod
1028 2928 1054 2983 si
1083 2947 1136 2983 nos
1167 2929 1262 2984 adhuc
1289 2931 1364 2984 sorte
1388 2931 1524 2986 noluistis
1549 2931 1662 2995 audire,

446 3042 494 3081 too
447 2987 589 3081 mhsshe
612 3021 710 3069 tamen
727 3031 789 3076 nos,
811 3019 951 3084 quantum
977 3012 1015 3066 ad
1032 3020 1165 3068 nostrum
1186 3019 1298 3084 spectat
1316 3014 1452 3078 officium,
1472 3014 1508 3068 ab
1536 3015 1662 3112 inceptis

447 3088 565 3141 ¹1⁰¹!
614 3115 798 3168 nequequam
825 3095 1005 3161 desistimus,
1026 3095 1079 3151 sed
1103 3102 1243 3167 tanquam
1269 3098 1466 3152 venerabilem
1492 3104 1522 3152 et
1546 3100 1663 3154 carissi·

613 3198 695 3235 mum
712 3181 833 3234 fratrem
850 3185 992 3243 nostrum,
1013 3179 1052 3234 ad
1077 3197 1197 3251 eaquae
1224 3182 1304 3252 pacis
1331 3188 1400 3237 sunt
1426 3182 1533 3236 iterum
1561 3183 1664 3238 exhor-

613 3272 719 3329 tamur,
739 3271 876 3334 rogantes
898 3269 928 3318 et
952 3268 1102 3318 monentes
1124 3265 1291 3329 instantius,
1319 3271 1349 3320 et
1373 3267 1403 3319 in
1430 3266 1539 3321 virtute
1558 3266 1614 3321 Dei
1634 3275 1664 3323 et

614 3348 786 3403 obedientiae
806 3364 894 3418 quam
912 3347 1051 3402 Romanu>
1078 3348 1212 3403 ecclesiae
1237 3349 1269 3403 in
1286 3351 1452 3420 receptione
1471 3351 1554 3421 pallii
1568 3352 1663 3423 jurati

614 3433 801 3505 promisistis
820 3432 944 3487 firmiter
971 3433 1184 3504 praecipientes,
1204 3439 1238 3488 ut
1256 3434 1416 3488 secundnm
1435 3436 1558 3490 sormam
1581 3454 1663 3491 man·

614 3517 675 3571 dati
702 3517 854 3587 apostolici
881 3515 1045 3586 procedatis
1074 3516 1105 3569 in
1130 3518 1247 3588 negotio
1275 3517 1493 3573 Cantuariensis
1519 3519 1661 3585 ecclesiae,

614 3601 687 3654 nihil
717 3602 897 3665 amoventes,
929 3600 1003 3653 nihil
1040 3606 1210 3665 statuentes,
1243 3619 1295 3655 neo
1332 3603 1520 3657 immutantes
1550 3605 1663 3676 aliquid

615 3691 715 3738 contra
733 3685 843 3738 domini
862 3702 944 3755 papae
972 3691 1142 3739 nostramve
1169 3686 1347 3750 mandatum,
1369 3687 1420 3740 sed
1437 3706 1531 3758 nequo
1551 3690 1662 3759 aliquid

448 3764 568 3857 flslltgtlsslb
615 3770 730 3823 omnino
758 3769 937 3837 gravaminis
965 3768 1134 3823 inserentes.
1173 3768 1363 3840 Subpriorem
1389 3789 1503 3841 quoque
1530 3773 1662 3841 ejusdem

448 3827 559 3915 wluriglld
614 3853 746 3907 ccclesia
765 3859 795 3906 et
813 3853 895 3916 ulica,
911 3870 983 3923 quos
1003 3871 1056 3923 pro
1076 3853 1217 3907 absolutis
1236 3854 1467 3909 habetRomana
1485 3857 1663 3921 ecclesiast

447 3916 551 4018 ἷξξοῗὼ
613 3955 665 3990 nos
688 3938 765 3991 sicut
790 3936 941 3990 absolutos
968 3938 1143 4007 recepimus,
1166 3957 1217 4009 pro
1236 3939 1378 3993 absolutis
1405 3941 1545 4005 habea-tie,
1574 3943 1661 3997 etiam

614 4022 725 4091 absque
744 4020 971 4076 contradictione
991 4028 1020 4075 et
1043 4022 1178 4077 molestia
1196 4041 1245 4077 eos
1264 4025 1294 4078 in
1313 4043 1366 4078 suo
1384 4026 1488 4094 gradu.
1509 4027 1609 4081 ordine
1634 4035 1664 4081 et

613 4107 705 4160 officio
724 4106 900 4169 ministrare,
921 4124 1014 4175 usque
1034 4107 1191 4160 adventum
1209 4114 1342 4162 nostrum
1361 4109 1397 4162 ad
1421 4117 1519 4181 partes
1537 4116 1660 4175 vestras,

613 4191 705 4243 libere
725 4191 912 4260 permittatis
952 4191 1027 4244 Cum
1041 4192 1119 4244 enim
1132 4191 1169 4244 ad
1187 4199 1284 4262 partes
1304 4193 1379 4257 illas,
1395 4201 1513 4249 auctore
1526 4195 1661 4257 Domino,

613 4275 774 4338 veniemus,
791 4274 862 4342 jura
888 4280 987 4328 vestra
1013 4275 1095 4329 vobis
1115 4275 1208 4331 illaesa
1226 4278 1416 4342 servabimus,
1438 4286 1468 4333 et
1494 4281 1524 4333 in
1544 4281 1662 4350 quibus-

614 4377 728 4429 cunque
750 4377 815 4412 curn
836 4358 898 4412 Deo
917 4365 947 4413 et
971 4359 1090 4429 justitia
1107 4361 1278 4429 poterimus,
1293 4363 1468 4417 fraternitati
1482 4369 1541 4417 tusa
1561 4364 1662 4419 adesse

615 4445 792 4497 curabimus.
826 4442 910 4510 Quod
929 4445 954 4498 si
973 4450 1074 4498 contra
1093 4445 1215 4498 formam
1234 4447 1384 4516 apostolici
1404 4447 1564 4501 mandatis
1581 4449 1663 4503 vobis

616 4537 662 4583 cst
680 4528 727 4581 vol
746 4527 837 4581 fuerit
861 4527 973 4598 aliquid
998 4528 1076 4582 circa
1100 4546 1238 4598 personas
1257 4529 1304 4583 vel
1329 4547 1376 4583 res
1395 4531 1591 4597 immutatum,
1612 4553 1663 4588 nos

616 4613 859 4682 auctoritateque
877 4612 1043 4683 specialiter
1061 4614 1212 4682 fungimur
1224 4614 1254 4667 in
1272 4612 1326 4668 hac
1345 4620 1435 4685 parto,
1457 4615 1663 4672 denunciamus

616 4697 732 4750 omuino
749 4713 808 4749 non
825 4704 935 4761 tenere,
956 4702 985 4751 et
1003 4697 1120 4767 penitus
1139 4697 1168 4750 in
1188 4698 1303 4752 irritum
1321 4716 1502 4755 revocamus

467 4944 586 5045 Auqrtmq9
711 4930 871 4987 CCCXIX
910 4930 1061 4984 Jonsusns
1080 4946 1202 4986 incarus
1220 4948 1346 4988 onsravs
1366 4935 1562 4992 Cnnrsrmvrs

449 5069 579 5131 Thelepte
651 5059 776 5114 Noverit
802 5057 978 5112 universitas
996 5063 1105 5123 vestra,
1128 5060 1205 5129 quod
1223 5078 1242 5113 a
1258 5063 1381 5117 sentent
1362 5070 1403 5117 tra
1428 5082 1516 5134 quam
1541 5064 1667 5121 Oantua·

449 5120 568 5172 ¹¹¹⁰⁰¹⁸¹¹¹¹⁸
616 5143 721 5198 riensis
741 5142 1004 5215 archiepiscopus
996 5161 1025 5195 ui
1052 5144 1235 5215 suppriorem
1254 5151 1284 5200 et
1310 5146 1416 5201 fratres
1443 5149 1516 5204 ulios
1535 5149 1666 5219 ejusdem
