4192 6392
591 1177 658 1240 422
875 1191 1046 1240 nnsroan
1069 1189 1357 1251 cnvrnsmnusss,

443 1368 564 1463 ffigffiss·
594 1365 748 1435 utriusque
759 1365 851 1436 partis
864 1366 901 1421 ad
914 1365 1014 1421 sedem
1031 1365 1223 1436 apostolicam
1241 1363 1441 1427 destinandos,
1462 1360 1540 1417 sedis
1553 1360 1650 1432 ipsius

467 1471 532 1522 ως.
594 1449 749 1504 consilium
784 1467 873 1521 super
897 1449 960 1505 hasa
990 1456 1125 1521 expetere
1162 1455 1192 1505 et
1219 1455 1389 1520 expectem
1428 1446 1651 1517 archiepiscopo

429 1537 476 1587 (Vt
490 1536 550 1580 she·
594 1533 626 1588 id
650 1533 772 1589 consilio
798 1533 909 1590 domini
934 1552 1017 1606 papae
1042 1535 1254 1600 committente,
1283 1539 1318 1590 nt
1344 1533 1376 1588 in
1403 1531 1467 1604 ejus
1495 1535 1573 1586 esset
1591 1528 1653 1582 dis·

426 1588 559 1681 melis
594 1617 750 1688 positione,
768 1618 822 1673 sub
854 1617 961 1688 quibus
991 1618 1186 1685 cautionibus,
1211 1623 1347 1674 manente
1378 1616 1497 1688 capella,
1523 1614 1652 1670 Cantus·

426 1688 570 1782 ξζξξῑξξξθ*
594 1701 700 1757 riensis
728 1702 860 1758 ecclesiae
878 1703 1084 1773 provideretur
1105 1701 1301 1758 indemnitati.
1342 1701 1527 1756 Nunciorum
1550 1703 1653 1753 autem

448 1816 478 1859 10,
486 1817 525 1859 109
533 1821 567 1857 ψ,
594 1784 803 1856 predictarum
840 1786 898 1842 iter
937 1786 996 1842 duo
1026 1787 1063 1842 de
1099 1787 1249 1843 monachis
1286 1784 1546 1843 Cantnariensibus
1576 1800 1653 1854 pras·

427 1884 534 1935 blatea
595 1870 756 1934 venientes,
784 1877 893 1940 praeter
919 1871 1128 1928 conscientiam
1152 1871 1201 1927 vel
1227 1869 1440 1942 archiepiscopi
1464 1868 1512 1924 vel
1542 1866 1653 1939 prioris

427 1950 578 2047 {Vllbrthe
596 1959 627 2008 et
651 1959 821 2018 conventus,
854 1955 932 2011 sicut
957 1955 1037 2010 idem
1067 1960 1227 2011 conventus
1257 1957 1289 2010 in
1318 1954 1448 2027 capitulo
1478 1969 1566 2022 snper
1595 1950 1653 2005 hoc

427 2011 564 2103 ,fflffl’
596 2038 756 2108 requisitus
793 2039 862 2094 viva
896 2057 967 2094 voce
1003 2044 1181 2111 protestatus
1219 2044 1273 2104 est,
1311 2057 1329 2093 a
1358 2038 1488 2092 claustro
1517 2033 1653 2089 clanculo

427 2110 584 2205 {ffeffiflffi
595 2120 777 2187 recedentes,
797 2123 834 2177 ob
860 2123 916 2180 hoo
936 2124 972 2179 ab
990 2124 1210 2196 archiepiscopo
1229 2141 1288 2179 non
1305 2123 1464 2186 immerito,
1491 2117 1653 2175 seeundum

427 2211 558 2260 anemo
595 2205 763 2275 regularem
781 2207 976 2278 disciplinam,
991 2209 1137 2264 sententia
1158 2213 1227 2264 sunt
1245 2204 1551 2263 excommunicationis
1569 2202 1653 2257 inno·

427 2261 666 2363 ffl'ss‘h‘dati.
704 2289 761 2359 Qui
782 2292 873 2347 tacita
899 2293 1033 2358 veritate,
1052 2293 1101 2350 vel
1126 2310 1265 2364 egressus
1291 2308 1393 2347 eorum
1418 2288 1467 2344 val
1498 2285 1653 2343 sententias

427 2362 570 2455 ffigffl
596 2391 684 2443 qnam
706 2375 787 2445 juste
815 2393 904 2448 super
928 2376 985 2432 hoc
1013 2382 1197 2448 exceperant,
1224 2376 1304 2430 idem
1333 2391 1437 2430 eorum
1467 2389 1534 2442 quse
1561 2387 1653 2441 supra

427 2462 512 2508 letters
594 2459 782 2515 meminimus
809 2460 924 2516 litteras
954 2461 1112 2533 praedictas
1142 2461 1180 2516 ad
1210 2460 1308 2531 ipsum
1338 2456 1653 2528 archiepiscopum'et

595 2561 649 2598 nos
674 2543 915 2614 impetraversmt.
961 2546 1019 2600 His
1045 2545 1209 2601 rationibus
1238 2561 1305 2599 cum
1332 2540 1519 2598 universitati
1543 2543 1653 2595 nostra

595 2626 748 2684 videretur
766 2647 831 2685 esse
853 2629 917 2701 juri
934 2636 1172 2698 consentaneum,
1191 2635 1356 2700 vestraque
1378 2624 1546 2699 paternitati
1563 2621 1654 2695 placi-

428 2713 558 2773 lterum
596 2716 705 2778 turum,
727 2713 896 2770 litterarum
926 2715 1090 2770 executioni
1127 2713 1322 2785 supersederi,
1355 2711 1447 2767 donec
1483 2726 1572 2780 super
1608 2706 1655 2762 rei

427 2771 557 2873 ssfflffi
596 2797 721 2852 veritate
746 2804 847 2853 vestra
880 2798 1077 2874 instrueretur
1103 2786 1229 2870 religi'03
1268 2797 1365 2853 dietus
1403 2794 1652 2864 archiepiscopus,

426 2871 555 2966 ffl‘oeu·
597 2898 633 2936 ne
659 2880 730 2953 quid
753 2883 986 2939 mansuetudinis
1009 2884 1058 2939 vel
1088 2883 1265 2938 humilitatis
1295 2883 1454 2945 omitteret,
1492 2895 1528 2933 ex
1564 2878 1656 2933 abun-

597 2964 678 3020 danti
704 2972 845 3038 temper
872 2985 904 3022 se
932 2985 1019 3039 quam
1044 2984 1098 3038 per
1122 2985 1176 3024 nos
1202 2967 1347 3023 instanter
1374 2964 1490 3030 obtulit,
1516 2967 1551 3018 ut
1570 2961 1656 3017 dere-

597 3048 691 3105 lictis¹
711 3067 784 3121 qnos
801 3052 936 3107 monachi
949 3051 1177 3108 cantuarienses
1195 3051 1307 3107 vellent
1319 3050 1474 3122 episcopis,
1488 3049 1537 3104 vel
1555 3046 1655 3117 cnjus·

598 3151 713 3204 cunque
731 3134 843 3191 ordinis
861 3136 935 3191 viris
959 3135 1120 3207 religiosis,
1141 3135 1177 3191 de
1201 3134 1338 3190 omnibus
1357 3151 1423 3205 quae
1441 3136 1657 3203 precesserant

598 3222 628 3273 et
656 3217 693 3272 de
720 3219 809 3292 hujus
834 3219 965 3275 mandati
994 3221 1165 3276 executione
1196 3219 1386 3276 acceleranda
1414 3216 1463 3273 vel
1493 3214 1658 3270 differenda

432 3310 506 3364 (vn.)
520 3311 569 3357 (lte
598 3320 702 3358 eornm
731 3296 849 3375 pareret
883 3304 1016 3361 arbitrio.
1071 3304 1226 3360 Monachis
1257 3311 1355 3359 autem
1391 3303 1454 3358 haee
1490 3299 1657 3357 voluntarie

429 3364 583 3458 fflfflffifi'ffi
598 3387 694 3457 magis
719 3405 808 3458 qnam
834 3387 915 3458 juste
946 3389 1161 3454 recusantibus,
1187 3387 1349 3460 praemissis
1387 3385 1459 3442 moti
1492 3383 1657 3439 rationibus

429 3465 548 3557 ξξιξῐιῑιοξῇθ
598 3471 695 3540 ipsum
725 3472 977 3543 archiepiscopum
1007 3473 1044 3528 ad
1078 3473 1132 3528 hoc
1168 3472 1346 3535 induximus,
1378 3475 1413 3526 ut
1442 3469 1505 3540 ipso
1535 3467 1658 3521 interim

429 3527 540 3625 leareibe
599 3555 785 3618 subsistente,
812 3555 848 3609 dc
876 3557 962 3611 solita
987 3558 1066 3611 sedis
1091 3556 1258 3628 apostolica>
1289 3554 1444 3611 clementia
1467 3552 1654 3614 confidentes

430 3617 563 3718 {iffffssffissiw
600 3645 692 3693 totum
711 3640 861 3709 negotium
888 3642 925 3694 ad
948 3649 1078 3696 vestram
1104 3642 1308 3696 excellentiam
1334 3640 1520 3701 referremus,
1545 3636 1658 3705 suppli·

427 3720 564 3810 ’ᾗῐίᾞὲῗιῶ
598 3730 696 3778 cantes
715 3726 865 3788 attentius,
886 3733 919 3779 ut
950 3725 992 3779 ita
1020 3743 1109 3796 snper
1137 3725 1192 3780 hoc
1219 3731 1318 3779 vestra
1336 3723 1471 3792 disponat
1489 3719 1655 3790 prudentia,

430 3830 555 3869 encoumgc
597 3827 633 3862 nc
655 3808 876 3878 interregnum
904 3815 934 3863 et
960 3809 1156 3864 sacerdotium
1180 3809 1211 3863 in
1229 3809 1339 3878 Anglia
1353 3807 1415 3876 jam
1434 3812 1497 3861 orta
1515 3805 1657 3859 dissessio

430 3886 546 3978 fflsslss
598 3892 766 3946 invalescat.
805 3893 927 3947 Turbati
955 3902 1023 3948 sunt
1054 3895 1132 3948 enim
1159 3895 1348 3948 vehementer
1375 3909 1409 3944 en
1435 3891 1489 3944 hoc
1518 3889 1657 3943 mandato

431 3952 532 4029 lieiween
598 3994 649 4029 rex
668 3981 698 4029 et
709 3976 794 4046 regni
812 3984 976 4046 magnates,
991 3996 1025 4032 eo
1045 3977 1124 4048 quod
1139 3978 1207 4046 jure
1226 3976 1363 4031 canonico
1382 3974 1516 4030 videatur
1529 3973 1655 4036 licitum,

430 4038 572 4131 ssffissfhmm
598 4065 627 4112 ct
653 4060 793 4113 hactenus
821 4062 1031 4116 consuetudine
1059 4063 1225 4132 Anglicana
1246 4062 1405 4122 obtentum,
1426 4065 1460 4112 ut
1483 4064 1543 4112 tam
1561 4057 1657 4111 archi-

433 4164 495 4214 (lx.)
511 4166 585 4220 Every
599 4144 736 4214 episcopi,
758 4163 846 4214 qnam
859 4145 998 4215 episcopi,
1020 4164 1108 4216 quam
1127 4147 1215 4206 etiam
1228 4146 1306 4210 laici,
1321 4143 1495 4199 auctoritate
1508 4142 1657 4196 diocesani

430 4217 535 4315 ᾖξ’ξζῆξῑῖ
599 4227 739 4298 episcopi,
760 4228 874 4298 possint
902 4230 1056 4284 ecclesiam
1087 4230 1310 4285 conventualem
1341 4228 1372 4282 in
1403 4245 1455 4282 suo
1485 4232 1657 4280 construere

431 4319 552 4361 tonsilla
600 4310 727 4382 [l'nnd0].
765 4312 826 4366 'Vos
847 4312 949 4383 igitur,
972 4321 1055 4385 pater
1075 4315 1105 4370 in
1125 4315 1243 4369 Christo
1271 4313 1432 4376 carissime,
1462 4310 1539 4380 quod
1566 4327 1657 4380 snper

430 4368 556 4462 iiiiiiiifn
598 4399 653 4453 hoe
677 4398 812 4468 expedire
831 4398 975 4462 videritis,
995 4400 1119 4455 veritate
1147 4400 1265 4469 cognita
1284 4397 1454 4468 disponatis,
1476 4395 1569 4450 securi
1589 4412 1658 4465 pro·

430 4472 510 4513 mm·
599 4483 675 4536 fecto
706 4482 776 4552 quia
803 4482 881 4551 quod
911 4484 1074 4538 statueritis
1105 4484 1240 4539 dominus
1271 4482 1506 4551 archiepiscopus
1537 4485 1567 4533 et
1603 4498 1656 4534 nos

599 4567 698 4621 debite
716 4574 746 4621 et
764 4567 867 4624 devota
886 4585 1064 4637 exequemur
1083 4569 1198 4624 affeetu.
1237 4567 1365 4635 Quodsi
1384 4563 1530 4621 sanctitati
1547 4569 1656 4618 vestrm

600 4652 798 4706 testimonium
834 4660 967 4706 nostrum
1005 4650 1166 4722 [videatur]
1198 4652 1295 4706 minus
1326 4650 1458 4705 sufficere
1488 4647 1525 4702 ad
1555 4646 1654 4711 fidem,

600 4737 713 4806 placent
731 4737 813 4791 vobis
832 4737 993 4807 pleniorem
1006 4737 1096 4807 hujus
1114 4737 1248 4792 veritatis
1269 4735 1490 4806 inquisitionem
1502 4731 1568 4787 aliis
1582 4750 1657 4802 qnos

600 4822 750 4891 elegeritis
763 4822 948 4886 demandare,
969 4840 1094 4891 quorum
1108 4822 1181 4877 sub²
1194 4821 1344 4884 relatione,
1358 4825 1458 4874 vestra
1470 4816 1657 4872 sublimitns'

600 4907 678 4976 quod
695 4906 848 4962 Altissimo
867 4907 962 4976 magis
981 4906 1098 4976 placere
1116 4907 1232 4962 noverit
1250 4903 1416 4959 diffiniendo
1434 4902 1580 4958 decernat.

632 5174 638 5204 ¹
657 5171 790 5238 derelictis]
809 5172 942 5236 docleatis,
954 5174 986 5226 G.
1184 5173 1193 5202 ³
1210 5170 1358 5238 salliuntur]
1378 5171 1473 5231 edocta,
1485 5169 1531 5220 ins.
1542 5169 1575 5222 G.

631 5256 641 5282 ²
657 5252 716 5320 aab]
730 5270 778 5304 orn.
792 5253 825 5305 G.
