4192 6392
550 1171 614 1230 200
834 1177 1002 1229 srrsrene:
1024 1178 1312 1243 csnrussrarsrs,

399 1363 519 1407 annus.
550 1357 617 1426 quis
635 1373 687 1409 vos
706 1353 868 1420 contrubat,
888 1354 1055 1426 apostolicis
1072 1353 1294 1425 praesumpserit
1314 1351 1458 1408 contraire
1476 1352 1528 1407 vel
1546 1369 1608 1407 non

399 1415 522 1508 ,12212‘12
550 1439 668 1494 obedire
693 1437 846 1493 mandatis.
897 1438 980 1493 Dixit
1003 1439 1082 1493 enim
1109 1437 1244 1493 dominus
1272 1453 1359 1508 papa,
1387 1440 1418 1492 et
1446 1435 1610 1507 replicavit

384 1529 498 1580 Tnopope
550 1523 736 1579 audientibus
766 1522 952 1587 adversariis,
974 1522 1089 1593 “Opus
1112 1523 1210 1593 ipsum
1233 1520 1426 1593 praecepimus
1453 1519 1607 1586 demoliri,

383 1579 533 1679 iffiffi
552 1612 571 1634 “
591 1607 712 1663 clericos
736 1607 793 1662 loci
817 1607 898 1662 illins
921 1606 1137 1678 suspendimus,
1157 1606 1481 1670 excommimicavimns,
1500 1611 1534 1661 et
1557 1623 1609 1661 cx·

382 1679 520 1773 {issfflffg'
553 1694 571 1718 “
591 1692 860 1757 communicamus;
889 1691 1033 1762 jussimus
1057 1689 1155 1745 ablata
1171 1689 1255 1744 reddi
1280 1690 1364 1744 etin
1388 1695 1498 1744 statum
1528 1690 1609 1761 pris·

381 1781 475 1832 justice.
552 1779 571 1803 “
590 1776 685 1831 tinum
703 1776 800 1831 omnia
822 1776 992 1841 reformari3
1018 1775 1061 1829 sic
1083 1774 1221 1845 jubemus
1239 1779 1269 1829 et
1286 1772 1452 1829 volumus.”
1496 1771 1608 1829 Securi

550 1877 622 1930 ergo
639 1859 829 1931 indulgentiis
848 1859 958 1915 domini
979 1858 1088 1914 Urbani
1108 1858 1236 1922 utimini,
1257 1864 1287 1912 et
1312 1856 1364 1912 illa
1391 1875 1479 1927 quam
1497 1857 1609 1914 ultimo

550 1943 682 2008 indulsit,
702 1962 738 1998 ne
764 1942 877 1998 scilicet
902 1943 1054 1998 sententias
1079 1941 1189 1997 domini
1215 1941 1435 2012 archicpiscopi,
1462 1940 1489 1997 si
1514 1960 1608 2012 quam

550 2027 692 2099 pendente
722 2027 774 2082 lite
805 2028 881 2081 ferre
911 2032 1112 2098 presumeret,
1143 2027 1176 2081 in
1205 2025 1305 2097 aliquo
1335 2025 1501 2081 deferretis·
1560 2027 1607 2082 De

551 2119 665 2177 ecetero,
685 2111 832 2182 publicata
850 2111 959 2165 domini
983 2129 1066 2183 papae
1091 2129 1179 2182 qnam
1203 2109 1233 2164 in
1257 2109 1422 2165 effractores
1447 2116 1478 2165 et
1500 2109 1608 2182 hujus·

384 2207 517 2253 chlnses
550 2196 629 2252 modi
659 2194 736 2260 tulit,
768 2195 921 2260 sententia,
952 2194 1053 2250 divina
1082 2194 1230 2250 celebrare
1259 2211 1318 2249 non
1347 2193 1508 2261 differatis;
1541 2196 1608 2252 sivo

383 2259 516 2354 {ffiffi'ss'
550 2286 648 2334 autem
661 2281 767 2351 quibus
780 2279 986 2333 demandatum
998 2285 1045 2334 est
1056 2277 1230 2334 senteutiam
1248 2277 1433 2343 denuncient,
1453 2277 1517 2334 sive
1535 2296 1606 2344 nou,

382 2360 515 2454 §iigefflffl
550 2382 602 2419 vos
621 2364 792 2434 diligentius
810 2363 962 2434 presidete
980 2362 1159 2419 utomnibus
1181 2360 1357 2433 publicetur.
1395 2362 1440 2417 De
1458 2362 1527 2420 aliis
1540 2381 1608 2434 quae

432 2441 438 2454 ’
550 2450 714 2504 necessaria
732 2448 815 2503 vobis
833 2447 990 2511 eredimus,
1010 2454 1099 2518 prout
1121 2446 1336 2518 proposuimus,
1357 2446 1438 2502 Deus
1459 2447 1608 2520 disponat.

550 2532 665 2598 Valete,
684 2538 714 2588 et
731 2532 891 2588 consolatio
910 2531 1039 2602 Spiritus
1060 2531 1160 2587 Sancti
1178 2530 1292 2588 habitet
1308 2530 1471 2588 vobiscum.

400 2748 516 2847 ,impin
639 2747 793 2807 CCXVII.
831 2750 1021 2806 Tuscumnus
1039 2748 1188 2805 Osrrnrsrs
1206 2762 1354 2805 anscerus
1372 2762 1472 2805 rn1cn1
1489 2762 1527 2803 nn

517 2834 523 2846 '
980 2834 1167 2890 Fsrnnsusn.

382 2966 524 3062 ffffiffihor
585 2963 673 3036 Apud
697 2966 834 3021 honestos
858 2966 970 3021 enimes
995 2971 1029 3021 ut
1046 2965 1078 3020 id
1095 2971 1185 3036 agant
1203 2964 1280 3037 quod
1297 2967 1434 3021 honestas
1452 2965 1605 3037 approbet,

381 3080 510 3160 imm
550 3050 621 3103 setis
640 3057 686 3104 est
702 3050 818 3105 modica
836 3049 964 3114 suadela,
985 3067 1080 3120 neque
1099 3048 1259 3104 verendum
1277 3049 1440 3121 periclitari
1455 3049 1607 3120 justitiam

383 3119 527 3215 ssfvgssffigf
550 3134 627 3204 apud
653 3134 778 3204 justitiae
808 3140 961 3190 amatores.
1009 3133 1193 3189 Adhibemus
1220 3140 1319 3189 tamen
1344 3134 1520 3205 plerumque
1545 3135 1605 3189 suf·

408 3235 511 3278 fossos.
550 3217 646 3288 fragia
663 3237 784 3289 precum
802 3219 840 3273 ad
858 3217 1035 3273 executionis
1055 3218 1218 3284 stimulum,
1233 3218 1264 3272 in
1281 3218 1336 3273 hcc
1354 3235 1450 3273 mores
1467 3223 1606 3289 gerentes

382 3296 525 3400 fflgcffiilffl
550 3302 663 3368 amieis,
683 3305 734 3375 qui
754 3322 857 3359 causas
876 3322 944 3359 suas
965 3308 1065 3358 nostre
1089 3308 1207 3374 sperant
1225 3301 1475 3358 commendatione
1496 3302 1606 3375 juvari.

382 3382 508 3452 t'hemm's
550 3385 634 3441 Unde
663 3387 731 3458 quia
758 3407 820 3453 ves,
849 3387 912 3442 Deo
939 3394 1024 3451 teste,
1054 3387 1167 3442 sincere
1198 3386 1412 3458 diligimus,i11
1439 3387 1496 3442 hoc
1522 3387 1606 3443 vobis

383 3450 513 3524 mmmm
549 3462 685 3526 volumus
703 3472 765 3526 fore
784 3477 979 3543 prospectum,
1000 3479 1144 3542 qnatenus
1163 3489 1252 3543 super
1270 3471 1388 3543 negotio
1406 3470 1554 3526 carissimi
1572 3491 1607 3527 ac

550 3555 685 3625 specialis
705 3556 791 3610 amici
809 3557 901 3611 nostri
914 3557 1020 3627 prioris
1033 3556 1262 3621 Cantuariensis,
1277 3557 1459 3626 fratrumque
1472 3574 1604 3621 suorum,

551 3639 634 3707 cujus
654 3640 735 3693 vobis
754 3641 911 3695 commissa
928 3650 974 3696 est
992 3643 1134 3707 executio,
1153 3642 1265 3696 iteres
1290 3646 1470 3696 const-entem
1495 3645 1526 3695 et
1542 3660 1603 3696 cor·

551 3730 655 3776 nutum
673 3724 795 3778 arietem
814 3725 984 3791 exhibeatis,
1006 3733 1039 3781 nt
1063 3725 1143 3781 zelus
1168 3734 1198 3781 et
1221 3726 1360 3781 instantia
1377 3732 1476 3780 restra
1499 3727 1606 3782 merite

384 3813 504 3866 linones·
551 3806 655 3860 debeat
673 3808 878 3863 commendari.
930 3811 962 3866 Si
988 3812 1075 3875 enim,
1096 3810 1174 3882 quod
1193 3811 1277 3875 absit,
1299 3810 1458 3866 simultatis
1477 3828 1512 3865 ac
1530 3811 1606 3866 desi-

383 3867 537 3963 {ffifflf'bo
551 3891 607 3944 dire
626 3910 677 3946 vos
696 3901 764 3947 ncta
782 3895 966 3964 resperserit,
986 3898 1117 3966 prolecto
1141 3895 1277 3967 deinceps
1302 3896 1400 3967 opinio
1423 3900 1524 3950 vestra
1544 3895 1605 3950 lan·

383 3968 507 4019 disgraecn.
551 3976 662 4046 gucbit‚
683 3995 793 4047 nosque
812 3997 846 4032 ac
871 3980 969 4034 eniteri
989 3980 1075 4035 amici
1100 3981 1191 4035 vestri
1218 3980 1392 4051 incipiemus
1416 3998 1474 4034 non
1501 3980 1606 4036 bonnm

552 4060 587 4114 de
607 4060 689 4115 vobis
708 4062 930 4118 aestimationem
942 4064 1059 4119 habere.
1098 4064 1258 4135 Negotium
1271 4064 1349 4118 enim
1368 4083 1469 4119 eornm
1488 4063 1606 4119 omnino

552 4144 703 4216 proprium
730 4154 909 4218 reputamus,
938 4150 1015 4204 unde
1042 4156 1073 4203 et
1098 4148 1240 4203 habemus
1267 4148 1394 4219 experiri
1421 4148 1548 4220 qualiter
1576 4149 1607 4204 in

552 4230 673 4300 praelato
692 4231 819 4300 negotio,
840 4252 896 4288 non
921 4234 1045 4288 dicimus
1069 4233 1152 4303 ipsis,
1171 4232 1261 4287 immo
1285 4231 1368 4287 nobis
1392 4232 1518 4304 inipsis
1536 4234 1607 4288 asti·

552 4314 658 4370 teritis.
697 4316 784 4371 Certe
803 4335 855 4388 pre
874 4318 957 4374 uobis
977 4318 1090 4374 facietis
1109 4324 1140 4373 et
1163 4317 1265 4374 honori
1283 4322 1382 4374 vestro
1400 4335 1434 4374 oc
1453 4317 1606 4374 commodo

552 4399 747 4472 prospicietis.

409 4600 513 4702 ,fflffl
561 4618 730 4676 CCXVIII.
768 4620 940 4676 Tnsoslnno
958 4621 1092 4677 Osrmun
1110 4635 1239 4677 srrscoro
1258 4635 1342 4677 rnren
1361 4636 1397 4676 nn
1417 4620 1604 4677 Fsvsnsnsn.

382 4723 535 4834 iiiessfflf
588 4755 736 4827 Susceptis
749 4775 842 4828 nuper
860 4757 1023 4812 sanctitatis
1042 4764 1147 4813 vestrae
1163 4759 1305 4830 apicibus,
1326 4759 1432 4830 quibus
1450 4778 1498 4814 mc
1517 4778 1607 4831 super

380 4831 668 4909 ¹¹¹³¹¹³w0stoneg0tio
697 4840 915 4897 Cantuariensis
946 4842 1078 4897 ccclesiae
1105 4849 1203 4898 restra
1232 4845 1379 4899 exhortari
1410 4844 1531 4916 dignata
1561 4851 1608 4900 cst

382 4882 426 4925 No.
434 4897 512 4928 ccxvii.

382 4934 477 4977 informs
485 4920 526 4982 nr'o
550 4923 676 4990 dilectio,
697 4925 796 4980 habita
814 4926 1044 4981 consideratione
1063 4927 1101 4981 ad
1112 4927 1256 4983 malitiam
1268 4929 1419 5000 temperis,
1434 4948 1499 5000 qum
1511 4929 1608 4986 multa

325 5054 327 5059 .
381 4985 508 5084 ssfflffi,
549 5014 595 5061 cst
613 5009 644 5064 in
662 5011 794 5080 partibus
812 5010 995 5082 Anglicanis,
1022 5012 1053 5067 in
1077 5012 1197 5086 negotio
1220 5013 1361 5084 praedicto
1384 5015 1525 5084 processi,
1548 5033 1607 5070 nen

381 5088 530 5137 hehndone
549 5096 646 5149 tamen
671 5112 705 5149 00
732 5113 826 5166 usque
852 5113 910 5167 quo
928 5095 1018 5162 volui,
1045 5096 1098 5153 sed
1125 5104 1267 5168 quatenus
1292 5098 1330 5153 ad
1355 5116 1484 5170 praesens
1512 5099 1604 5172 potui·
