4192 6392
615 1169 658 1234 26
897 1181 1072 1234 arrsronn
1095 1180 1386 1248 clarummane,

462 1362 585 1424 alana.
614 1357 793 1414 excellentie
816 1364 923 1414 vestrm
947 1357 1114 1430 significare
1138 1358 1249 1423 curavi,
1275 1363 1309 1414 ut
1332 1359 1358 1414 si
1388 1374 1437 1414 res
1460 1358 1537 1414 forte
1559 1357 1597 1417 ad
1621 1376 1673 1415 au·

492 1414 564 1466 ‘⁴⁹³¹'
615 1442 755 1497 diontiem
782 1448 913 1499 vestram
939 1443 1055 1514 prolata
1072 1442 1171 1507 fuerit,
1192 1442 1378 1499 indemnitati
1403 1459 1477 1498 meso
1501 1444 1671 1515 prospicere

482 1538 569 1584 tarr.
615 1527 715 1581 volitis
742 1533 773 1582 ct
796 1527 870 1599 paci,
896 1545 933 1582 no
958 1545 1024 1598 (pum
1047 1527 1202 1598 praemium
1225 1528 1334 1582 mereri
1364 1527 1466 1582 debuit
1494 1526 1669 1593 obedientia,

615 1628 715 1682 poeues
741 1611 932 1676 exsolvatur
956 1628 992 1665 no
1017 1611 1117 1666 caeteri
1144 1617 1319 1677 terreantur,
1339 1617 1483 1684 quatenus
1500 1611 1671 1666 mandatnm

615 1695 807 1765 apostolicum
844 1694 969 1750 audeant
999 1694 1169 1766 adimplere.
1219 1695 1321 1752 Vitam
1351 1701 1481 1751 vestram
1517 1700 1672 1752 eomervet

615 1779 695 1835 Deus
713 1779 745 1834 in
762 1786 895 1851 tempora
912 1779 1054 1852 longiora.

462 1971 585 2068 affige
614 1973 728 2029 XXIX.
749 1973 1243 2028 Pernesdranmrnrsrsaerscorcs
1256 1971 1668 2029 Oonvsamrcuuruunrrusr.¹

649 2097 831 2154 venerandis
857 2098 989 2169 patribus
1015 2103 1046 2153 et
1072 2097 1197 2153 dominis
1222 2097 1254 2152 in
1280 2096 1398 2153 Christo
1428 2095 1599 2161 carissimis,
1631 2095 1668 2152 G.

614 2181 762 2252 suppriori
781 2188 811 2237 ot
828 2183 966 2237 universo
990 2188 1090 2236 sancto
1116 2181 1271 2236 couventui
1290 2180 1405 2237 Sanctae
1423 2180 1575 2236 Trinitatis
1594 2179 1669 2234 Gan-

612 2265 725 2330 tuariae,
746 2267 853 2322 Petrus
871 2265 971 2321 divina
996 2265 1137 2337 patientia
1154 2265 1358 2322 Atrebateusis
1385 2264 1517 2321 ecelesiae
1534 2262 1671 2319 minister

613 2348 744 2413 humilis,
770 2350 895 2405 salutem
925 2356 956 2406 et
979 2367 1010 2404 so
1035 2356 1129 2405 totum
1153 2350 1185 2404 in
1208 2349 1334 2404 Domino
1358 2366 1393 2403 ex
1416 2348 1504 2404 hilari
1529 2346 1615 2404 cordo
1640 2353 1672 2404 ot

614 2434 711 2488 animo
729 2434 842 2489 devoto.

444 2525 584 2579 Thebanos
651 2516 747 2572 Grave
765 2517 848 2572 nobis
867 2524 913 2573 est
930 2516 1040 2589 pariter
1059 2523 1089 2573 et
1107 2519 1273 2583 molestum,
1294 2517 1372 2588 quod
1397 2517 1479 2574 illins
1504 2514 1670 2573 dilectionis

444 2578 586 2673 ffiffifflo
615 2602 742 2656 maxima
759 2600 923 2658 teneritudo
942 2620 1000 2673 qua
1016 2601 1100 2657 vobis
1119 2603 1229 2659 arctius
1247 2602 1427 2674 copulemur,
1447 2619 1504 2656 non
1521 2606 1617 2673 potest
1634 2618 1672 2656 ex

446 2678 564 2774 ffiffl
615 2691 718 2741 mutue
734 2685 847 2741 visione
866 2686 955 2742 simul
973 2693 1003 2741 et
1020 2686 1166 2758 colloquio
1184 2688 1322 2758 frequens
1348 2686 1497 2757 suscipere
1523 2685 1668 2749 solatium,

446 2729 591 2834 orandi?
615 2774 649 2825 ut
667 2769 797 2842 Spiritus
816 2772 867 2826 ille
886 2770 942 2841 Qui
968 2771 1019 2827 ubi
1036 2772 1102 2827 vult
1129 2771 1222 2844 spirat
1240 2771 1371 2826 caritatis
1398 2770 1524 2841 iaculum
1551 2768 1685 2825 flatibus!
1699 2775 1814 2822 aarum

447 2830 527 2884 Why·
614 2854 785 2910 escenderet
802 2855 952 2921 redivivis,
968 2856 1037 2910 dum
1056 2873 1108 2910 nos
1126 2861 1187 2910 tam
1206 2854 1308 2910 sedulo
1326 2858 1519 2926 congregatos
1537 2859 1671 2911 cerneret

614 2937 645 2991 in
662 2937 778 2992 nomine
798 2938 912 2994 Senem
931 2945 962 2994 et
980 2938 1146 2993 individuas
1158 2938 1321 2994 Trinitatis.
1357 2936 1470 2994 Verum
1488 2935 1563 2992 illud
1580 2936 1671 2992 indis·

615 3021 739 3077 solubile
757 3022 908 3078 vinculum
927 3022 1005 3094 quod
1018 3040 1167 3094 uunquam
1190 3023 1343 3078 caritatem
1362 3021 1507 3095 permittit
1525 3020 1668 3086 excidere,
1682 3020 1814 3067 icones

614 3123 668 3177 per
686 3106 743 3162 Dei
761 3106 898 3178 gratiam,
919 3106 1034 3161 nullum
1054 3124 1089 3160 ex
1108 3106 1241 3162 absentia
1258 3104 1402 3179 corporali
1420 3105 1562 3179 suscipiet
1579 3104 1669 3160 detri-

613 3196 754 3254 mentum,
768 3191 838 3245 dum
856 3191 934 3246 inter
954 3208 1006 3246 nos
1022 3189 1106 3262 jugis
1125 3197 1155 3245 et
1174 3191 1268 3246 illaesa
1286 3196 1386 3247 sancta
1397 3190 1527 3247 manebit
1543 3186 1668 3254 effectio,

614 3274 717 3340 amica,
757 3275 942 3346 congaudens
972 3274 1176 3330 vicissitudine
1212 3275 1360 3348 prosperis
1396 3280 1427 3330 et
1461 3274 1670 3347 compassionis

616 3358 752 3414 affectum
778 3377 894 3430 sempor
924 3359 1064 3414 exhibens
1094 3357 1126 3413 in
1155 3359 1296 3414 adversis.
1334 3358 1427 3415 Novit
1453 3358 1546 3431 igitur
1570 3356 1670 3414 Omni·

615 3449 717 3514 potens
730 3442 786 3511 Qui
806 3461 891 3498 renos
910 3448 1059 3499 scrutatur
1071 3450 1101 3498 et
1112 3443 1209 3509 corda,
1223 3461 1311 3514 quam
1323 3443 1456 3507 moleste,
1471 3460 1558 3514 quam
1577 3460 1668 3514 agre,
1682 3438 1814 3486 laeenam

614 3531 713 3581 noster
738 3527 796 3582 fert
820 3528 943 3592 enimus,
972 3527 1051 3596 quod
1078 3544 1206 3598 unquam
1234 3527 1310 3583 inter
1335 3525 1531 3582 venerabilem
1557 3532 1670 3598 patrem

614 3614 747 3664 nostrum
783 3609 933 3664 dominum
970 3610 1211 3666 cantuariensem
1256 3617 1286 3665 et
1321 3629 1373 3666 vos
1410 3610 1547 3666 iuimicus
1584 3609 1671 3666 homo

615 3691 727 3747 zizania
760 3693 889 3761 potuerit
917 3693 1070 3757 seminare,
1104 3712 1177 3764 quos
1208 3693 1388 3750 invincibilis
1419 3701 1450 3750 et
1479 3688 1814 3767 perseverernsr¹³;⁸1⁸il·¹i

447 3794 576 3838 lienam·
614 3776 733 3832 dilectio
752 3777 871 3832 deberet
889 3776 926 3831 ad
950 3776 1077 3833 invicem
1091 3777 1206 3850 jugiter
1225 3779 1370 3849 copulare.
1407 3778 1532 3835 Noverit
1549 3778 1670 3849 proinde
1682 3742 1715 3783 ὴ

446 3845 596 3939 sfftssssdoffio
614 3862 767 3917 carissima
784 3862 867 3916 nobis
886 3861 916 3915 iu
936 3861 1054 3917 Christo
1072 3864 1233 3933 paternitas
1252 3870 1359 3927 vostra,
1380 3864 1458 3935 quod
1477 3865 1578 3935 quinte
1597 3864 1671 3919 seria

446 3946 555 4040 &ml
614 3945 709 4002 tertia)
736 3953 803 4017 post
827 3945 1020 4000 Pentecosten
1047 3946 1235 4001 hebdomadae
1263 3947 1376 4002 litteras
1395 3946 1505 4002 domini
1524 3946 1670 4020 (lysterci-

446 4024 592 4098 (Naxia.)
614 4030 692 4086 ensis
718 4032 802 4086 nobis
830 4030 937 4085 obtulit
956 4030 1076 4101 quidam
1102 4031 1138 4085 do
1157 4037 1256 4086 vestro
1275 4031 1410 4103 collegio,
1438 4049 1563 4104 persona
1580 4049 1669 4087 vene-

479 4108 569 4154 ΜΗ·
613 4116 713 4181 reuda,
735 4115 840 4187 quibus
860 4115 994 4171 dominus
1014 4115 1228 4186 cysterciensis
1254 4134 1306 4170 uos
1326 4115 1466 4173 attentius
1492 4116 1671 4182 nonnitus

612 4200 650 4257 ed
681 4219 733 4256 vos
764 4201 889 4263 celerius
916 4200 1086 4256 aecedentes
1116 4200 1152 4254 ad
1183 4200 1419 4255 reformationem
1450 4200 1540 4272 pacis,
1570 4201 1670 4257 diviua

611 4285 794 4356 praecedente
813 4284 920 4356 gratia,
941 4285 1073 4340 studium
1092 4291 1122 4339 et
1148 4301 1267 4355 operam
1285 4283 1481 4340 omnimodam
1499 4284 1668 4358 impendero

612 4370 794 4425 deberemus.
832 4368 944 4424 Verum
964 4368 1034 4440 quia
1051 4374 1149 4423 vester
1167 4366 1290 4422 nuncius
1309 4367 1384 4424 dixit
1408 4367 1491 4424 nobis
1518 4368 1670 4425 dominum

612 4455 863 4525 archiepiscopum
882 4470 913 4507 se
939 4452 969 4506 in
996 4458 1124 4507 remotas
1150 4457 1251 4522 partes
1278 4452 1434 4523 recepisse,
1454 4459 1613 4525 praesentes
1633 4454 1671 4510 ud

611 4555 663 4594 vos
681 4539 798 4593 litteras
817 4537 953 4592 duximus
981 4535 1178 4600 destinandas,
1199 4541 1232 4590 ut
1250 4541 1416 4592 vestrarum
1441 4554 1564 4593 recursu
1591 4538 1668 4594 litte·

443 4627 583 4689 notatores
611 4641 711 4678 rarum
738 4623 826 4692 hujus
854 4623 896 4676 rei
924 4621 1069 4676 certitudo
1093 4620 1176 4675 vobis
1204 4621 1375 4685 innotescat,
1405 4622 1542 4693 quonium
1569 4622 1669 4678 statim

443 4678 594 4781 arba-raom·
610 4713 678 4779 post
704 4708 812 4762 festum
840 4706 939 4762 Sancti
967 4705 1119 4768 Johannis,
1147 4704 1264 4759 omissis
1289 4704 1424 4759 omnibus
1447 4705 1523 4771 aliis,
1550 4704 1587 4760 ad
1616 4726 1669 4762 vos

442 4780 585 4881 ffiffiffly'
611 4792 734 4847 donante
761 4790 885 4846 Domino
912 4789 1110 4860 disposuimus
1128 4789 1328 4853 transfretare,
1349 4789 1375 4844 si
1401 4788 1551 4844 dominum
1576 4791 1670 4845 archi·

440 4879 580 4924 irthoarch-
611 4876 780 4948 episcopum
811 4875 890 4929 circa
916 4890 967 4928 vos
998 4872 1160 4943 poterimus
1188 4873 1328 4928 iuvenire.
1367 4873 1406 4928 Et
1434 4872 1503 4945 quia
1533 4872 1668 4930 dominus

845 5017 960 5025 -Ρ-
970 5015 1396 5023 —-—..-.-.—-———-—

853 5095 860 5123 ¹
880 5093 1001 5143 Between
1014 5092 1057 5142 the
1069 5092 1113 5142 eth
1125 5093 1175 5142 and
1185 5092 1229 5142 the
1241 5091 1302 5141 aeth
1313 5092 1344 5141 oi
1350 5091 1424 5142 June.
