4192 6392
650 1184 714 1249 206
930 1195 1103 1246 mrsroan
1125 1192 1418 1259 caurusmsusns,

496 1383 619 1429 tunsa
649 1374 879 1430 incolumitatem
903 1378 1033 1428 vestram
1062 1371 1100 1427 ad
1124 1372 1265 1427 honorem
1291 1372 1423 1428 ecclesiae
1451 1371 1518 1428 Sum
1548 1379 1708 1432 conservet

504 1437 611 1542 affl&
647 1459 829 1525 altissimus,
848 1463 933 1532 pater
951 1464 981 1514 et
998 1456 1115 1514 domine
1133 1457 1370 1515 clementissime.

503 1730 588 1824 Am
718 1707 883 1766 GOXXIV.
922 1707 1073 1764 cmsuurr
1091 1722 1168 1764 rurs
1187 1707 1357 1765 Oouvsurus
1375 1708 1615 1766 Ossismorum.

477 1782 633 1905 mpetratum
680 1838 818 1894 Inaudita
827 1839 965 1896 novitatis
983 1839 1173 1912 praesumptio
1191 1839 1222 1894 in
1240 1843 1398 1912 conspectu
1409 1838 1571 1911 majestatis
1582 1843 1703 1908 vestrae,

477 1911 612 2015 ww
645 1929 728 1996 pater
745 1923 915 1990 reverende,
930 1923 1065 1996 querelas
1083 1930 1114 1980 et
1131 1925 1273 1981 clamores
1291 1931 1406 1981 nostros
1418 1943 1527 1997 augere
1546 1930 1577 1981 et
1593 1925 1705 1982 iterare

477 2013 519 2056 the
526 2013 590 2065 prior
598 2013 624 2055 οἱ
644 2008 833 2080 compellunt.
870 2008 975 2083 Nuper
987 2009 1067 2064 enim
1079 2027 1146 2064 cum
1158 2009 1240 2081 prior
1258 2009 1294 2064 de
1306 2009 1495 2076 Faversham,
1514 2015 1582 2082 post
1592 2011 1704 2066 trinam

477 2063 616 2166 ffiffim
645 2092 870 2149 admonitionem
894 2093 1011 2165 publice
1039 2098 1069 2149 et
1087 2093 1256 2150 solemniter
1282 2094 1397 2160 factam,
1422 2093 1628 2151 denuncissset
1653 2113 1704 2151 ex-

476 2164 620 2259 fflffissffis
645 2178 875 2234 communicatos
893 2178 1097 2234 malefactores
1116 2179 1183 2235 illos
1203 2179 1254 2250 qui
1273 2178 1400 2234 effractis
1418 2179 1512 2234 muris
1530 2186 1561 2235 et
1578 2179 1703 2237 officinis

476 2267 627 2309 excommuni-
644 2263 753 2318 nostris
770 2263 847 2317 bona
863 2269 963 2319 nostra
980 2262 1175 2336 diripuerunt,
1195 2262 1282 2319 villas
1308 2268 1338 2319 et
1361 2263 1559 2335 possessiones
1585 2272 1704 2323 nostras

476 2317 616 2420 ffiii‘ssie's'i}
644 2354 746 2404 contra
773 2348 954 2404 voluntatem
989 2353 1120 2404 nostram
1149 2348 1293 2404 violenter
1323 2349 1503 2415 invaserunt,
1534 2349 1704 2422 presbyteri

475 2416 602 2512 2¹0⁸?ng
645 2431 870 2488 cantuarienses
889 2432 998 2497 etalii,
1017 2437 1165 2506 praeeeptc
1183 2433 1357 2489 elericorum
1381 2452 1465 2489 novae
1483 2439 1513 2490 et
1537 2433 1704 2492 maledicta

477 2521 528 2613 (lead
590 2521 611 2564 it
644 2517 773 2589 capelle,
794 2535 829 2571 ex
847 2522 930 2590 parte
949 2516 1061 2572 domini
1088 2517 1311 2591 archiepiscopi,
1331 2523 1366 2574 ut
1390 2518 1568 2584 asserebant,
1588 2518 1703 2575 eisdem

476 2583 536 2615 '⁰¹'
645 2602 730 2667 facto,
759 2601 943 2673 parochianis
969 2601 1031 2657 suis
1059 2602 1228 2658 solemniter
1253 2609 1283 2660 et
1307 2602 1424 2675 publice
1451 2601 1704 2661 denunciaverrmt

645 2686 819 2743 sententiam
838 2686 918 2742 sedis
936 2687 1105 2759 apostolice
1123 2706 1181 2743 non
1199 2694 1309 2754 tenere,
1329 2706 1383 2743 nec
1395 2688 1424 2742 ei
1435 2686 1468 2742 iu
1479 2687 1578 2759 aliquo
1589 2687 1702 2746 deferri

644 2770 760 2826 debore.
799 2770 959 2826 Jusserunt
981 2770 1072 2826 etiam
1098 2790 1135 2827 ne
1162 2771 1220 2844 ipsi
1246 2773 1282 2827 ab
1307 2772 1407 2842 aliquo
1431 2771 1604 2840 vitarentur,
1625 2792 1701 2845 quos

509 2872 606 2919 soter-a
644 2856 807 2912 sanctitatis
836 2861 944 2912 vestrae
963 2856 1108 2912 sententia
1126 2857 1241 2912 cautius
1259 2863 1439 2929 praeeperat
1464 2857 1578 2923 evitari,
1606 2865 1638 2914 ct
1666 2864 1703 2916 ut

644 2958 747 2998 secure
766 2940 1015 2996 communicarent
1032 2939 1122 2995 etlam
1140 2941 1249 3013 eisqui
1266 2941 1361 2996 adhuc
1379 2941 1469 2997 curie
1487 2947 1605 3006 nostres,
1619 2942 1701 3000 villis

644 3032 675 3082 et
692 3024 923 3100 possessionibus
941 3023 1086 3081 violenter
1103 3024 1284 3090 incumbunt,
1299 3031 1329 3080 et
1339 3025 1548 3097 patrimonium
1560 3023 1702 3083 crucifixi

476 3123 607 3171 rneclsrks
645 3111 811 3167 distrahunt
840 3116 871 3166 et
900 3109 1054 3182 diripiunt.
1105 3109 1164 3165 Sed
1194 3116 1224 3166 et
1254 3109 1355 3165 clerici
1385 3109 1549 3182 sepedicta
1579 3112 1701 3184 capellus

476 3176 628 3271 ‘c'fflgffie
645 3196 745 3253 statim
763 3196 795 3251 in
821 3195 948 3251 crastino
973 3202 1040 3268 post
1068 3194 1220 3250 sententiae
1248 3193 1509 3259 denunciationem,
1530 3194 1560 3249 in
1587 3196 1701 3252 curiam

477 3278 624 3322 moerentes
644 3287 775 3338 nostram
792 3298 860 3336 cum
878 3279 995 3335 clericis
1013 3284 1044 3335 et
1061 3278 1146 3335 laicis
1174 3278 1259 3351 quasi
1286 3278 1324 3334 ad
1348 3279 1466 3351 nuptias
1491 3288 1699 3348 convenerunt,

476 3330 864 3432 {hdiiditbhbsubsaunationi
894 3372 924 3421 et
949 3364 1062 3421 derisui
1086 3364 1227 3419 habentes
1255 3363 1397 3435 quicquid
1424 3364 1595 3420 auctoritate
1621 3366 1700 3422 sedis

477 3442 521 3532 {fj
544 3431 619 3484 (⁶⁹¹³
643 3451 811 3523 apostolicas
830 3456 999 3505 contraeas
1025 3450 1123 3504 suerat
1149 3449 1380 3520 promulgatum.
1426 3447 1569 3504 Attendat
1595 3449 1698 3523 igitur,

646 3539 672 3592 si
690 3536 797 3608 placet,
818 3535 981 3592 sanctitatis
1007 3541 1114 3590 vestrae
1133 3534 1298 3599 clementia,
1326 3543 1410 3605 pater
1436 3534 1605 3602 reverende,
1627 3535 1701 3592 Gan·

644 3622 801 3677 tuariensis
829 3620 960 3675 ecclesia
980 3625 1098 3683 statum,
1128 3619 1217 3673 immo
1244 3619 1464 3674 destitutionem
1490 3620 1699 3677 miserabilem.

643 3705 785 3761 Attendat
797 3722 959 3776 pauperum
972 3703 1085 3758 Christi
1098 3703 1317 3774 oppressionem
1328 3703 1557 3776 lacrymabilem,
1571 3707 1701 3761 attendat

641 3792 704 3861 jam
729 3808 838 3844 novum
865 3788 1032 3843 schismatis
1059 3787 1232 3858 pullulantis
1260 3789 1438 3854 incendium,
1458 3795 1488 3844 et
1514 3790 1616 3845 morbo
1637 3791 1700 3862 jam

643 3875 835 3930 invalescenti
854 3873 979 3927 ulterius
998 3890 1057 3927 non
1076 3872 1193 3927 differat
1211 3873 1350 3927 adhibere
1370 3875 1541 3929 remedium.
1571 3873 1700 3945 Spiritus

645 3959 759 4014 consilii
791 3964 820 4012 et
850 3957 1030 4012 fortitudinis
1061 3975 1113 4012 vos
1144 3959 1280 4020 instruat,
1317 3966 1346 4012 ct
1376 3959 1478 4015 doceat
1507 3961 1603 4014 lacere
1635 3979 1700 4032 quae

647 4044 758 4099 Christi
777 4042 920 4098 vicariurn
939 4041 1051 4106 decent,
1072 4046 1155 4111 puter
1173 4041 1352 4096 dulcissime.

522 4320 587 4363 aseer
745 4292 892 4350 cem.
930 4292 1104 4347 Tusculano
1123 4291 1256 4347 Osrrnusr
1275 4308 1404 4347 nrrseero
1424 4293 1592 4349 Centaurus

502 4371 608 4424 Apulae
1055 4378 1293 4432 Currumrrsrsrs.

479 4530 526 4572 alu
535 4531 633 4572 convent
682 4512 802 4568 Crebris
822 4516 852 4565 et
869 4509 1017 4564 continuis
1044 4509 1235 4579 petitionibus
1255 4511 1363 4564 nostris
1391 4510 1574 4580 paternitatis
1594 4520 1701 4569 vestrm

478 4581 603 4683 {lffilssf
646 4600 771 4669 gratiam
790 4597 827 4650 ad
845 4594 1087 4665 ingratitudinem
1106 4595 1276 4647 timeremus
1300 4613 1467 4665 provocare,
1488 4597 1545 4651 nisi
1571 4596 1608 4652 de
1635 4617 1702 4654 con·

477 4682 634 4745 ostiarornis
647 4686 754 4740 stantia
772 4689 803 4736 et
821 4681 986 4736 dilectionis
1014 4687 1121 4735 vestra),
1148 4680 1330 4750 plenitudino
1356 4682 1516 4751 plurimum
1542 4701 1701 4753 praesume·

478 4734 633 4827 iiiiiiiil'u
645 4788 754 4831 remus,
775 4768 899 4822 scientes
919 4766 988 4835 qrria
1004 4766 1163 4818 necessitas
1189 4765 1266 4834 parit
1285 4766 1400 4836 culpam
1428 4772 1458 4820 ct
1482 4768 1641 4824 intercedit
1667 4770 1703 4824 ad

477 4834 623 4929 {issssggfflf
646 4856 769 4909 veniam.
807 4851 868 4906 Vos
888 4850 966 4902 enirn
986 4849 1080 4902 solum
1100 4850 1264 4903 invenimus
1284 4850 1332 4918 qui
1358 4850 1467 4904 uostris
1486 4859 1702 4922 compateretur

647 4939 783 4999 miseriis
804 4943 834 4989 et
859 4932 1091 4987 misericorditer
1119 4934 1149 4985 in
1176 4935 1349 4988 necessitate
1378 4935 1548 4990 subveniret
1573 4938 1699 4993 afflictis.

647 5024 723 5076 Hine
743 5019 884 5090 estquod
903 5017 1067 5072 sanctitatis
1086 5023 1192 5072 vestrm
1217 5037 1316 5073 omncs
1343 5025 1373 5073 ct
1400 5020 1509 5089 singuli
1537 5022 1700 5091 gratiarum
