4192 6392
603 1115 623 1180 6
885 1128 1056 1178 srrsronn
1078 1128 1366 1192 oauruammsas,

347 1310 353 1322 ’
454 1345 510 1390 sn.
519 1348 575 1392 11⁸7,
658 1327 712 1383 IV.
750 1327 889 1383 Umnws
907 1341 979 1381 rara
996 1327 1171 1382 Banonwruo
1188 1340 1409 1382 mosmrrscoro
1426 1341 1464 1381 nr
1482 1340 1587 1382 nonen.

437 1469 573 1515 Ure-nm
639 1457 775 1513 Urbanus
793 1474 869 1528 papa
886 1456 1054 1511 Baldewino
1079 1456 1284 1512 Cantnariensi
1308 1456 1535 1528 archiepiscopo.
1574 1452 1651 1510 Cum

435 1520 589 1615 mffld'
604 1541 705 1597 dilecti
723 1541 778 1594 filii
794 1541 888 1595 nostri
906 1541 1012 1595 stanes
1030 1539 1164 1596 ecclesia
1187 1545 1247 1595 tnae
1265 1539 1303 1595 ad
1320 1546 1451 1596 nostram
1469 1557 1500 1595 se
1519 1542 1651 1594 asserant

437 1623 580 1715 wffilh‘l
604 1625 782 1681 audientiam
812 1623 984 1696 appellasse,
1016 1641 1105 1695 super
1130 1641 1165 1679 eo
1191 1623 1340 1691 videlicet,
1370 1624 1449 1695 qnod
1474 1622 1549 1695 ipsis
1577 1621 1650 1678 duas

437 1683 569 1768 ssoenilr
603 1709 742 1765 ecclesias
761 1726 827 1779 qnae
844 1708 947 1763 usibus
965 1724 1126 1779 pauperum
1140 1707 1286 1780 deputata
1298 1708 1422 1774 fuerant,
1436 1711 1466 1762 et
1477 1706 1650 1762 auctoritate

435 1772 570 1827 ‘mm
602 1792 827 1866 predecessoris
845 1793 939 1847 nostri
956 1797 987 1847 et
1003 1792 1171 1863 apostolice
1190 1792 1269 1846 sedis
1287 1792 1473 1858 confirmatae,
1491 1809 1550 1846 non
1567 1789 1652 1845 decet

601 1884 632 1933 te
650 1881 769 1948 propter
787 1875 842 1931 hoc
860 1876 903 1930 eis
928 1875 1057 1946 aliquam
1080 1874 1246 1930 molestiam
1270 1876 1413 1947 irrogare,
1440 1875 1595 1946 quominus
1620 1879 1651 1929 et

602 1959 826 2032 appellationem
850 1959 989 2030 prosequi
1018 1959 1139 2029 possint,
1168 1965 1199 2014 et
1226 1977 1310 2015 suam
1333 1960 1481 2030 justitiam
1507 1959 1647 2014 obtinere.

601 2044 675 2098 Inde
694 2049 740 2099 est
758 2042 835 2115 quod
853 2043 1029 2097 fraternitati
1055 2048 1114 2097 tuae
1135 2042 1318 2108 mandamus,
1338 2048 1482 2113 qnatenus
1500 2041 1649 2114 praedictis

601 2127 752 2192 fratribus,
771 2127 853 2181 illius
871 2125 1076 2198 appellationis
1089 2126 1208 2190 intuitu,
1222 2126 1334 2180 nnllam
1346 2126 1512 2181 molestiam
1528 2126 1648 2189 inieras,

601 2229 655 2267 neo
681 2211 718 2266 ab
745 2211 803 2266 alio
827 2210 930 2265 inferri
959 2209 1123 2281 permittas.
1160 2209 1200 2264 Et
1227 2209 1253 2265 si
1277 2227 1331 2279 per
1349 2210 1404 2265 hoc
1428 2209 1460 2263 in
1486 2226 1535 2264 eos
1552 2207 1601 2263 vel
1618 2208 1651 2262 in

601 2294 715 2366 aliquos
733 2312 835 2349 eorum
854 2293 998 2349 sententia
1014 2294 1076 2349 lata
1087 2299 1142 2358 est,
1155 2294 1252 2364 ipsam
1263 2293 1402 2350 dilatione
1414 2297 1445 2347 et
1456 2291 1650 2364 appellatione

600 2385 713 2434 remota
729 2378 819 2433 laxes.
858 2377 967 2432 Datum
983 2376 1118 2433 Verona.

439 2557 582 2665 &iffi
644 2561 683 2618 V.
722 2561 798 2616 Iucu
818 2561 1023 2615 Lmoonumrsr
1041 2559 1189 2615 nrrsooro¹
1207 2575 1242 2615 rr
1260 2576 1297 2614 ns
1315 2559 1493 2614 Fivnasmu
1510 2572 1544 2612 rr
1562 2571 1598 2611 ns

948 2645 1097 2699 Boxsmm
1114 2660 1281 2699 sanamus.

405 2776 412 2795 ·
431 2755 589 2855 mm
636 2760 772 2817 Urbanus
790 2780 866 2833 papa
884 2761 1082 2817 Lincolniensi
1100 2762 1236 2834 episcopo
1255 2768 1285 2817 et
1308 2762 1344 2816 de
1369 2761 1548 2817 Favresham
1565 2763 1595 2815 et
1612 2759 1649 2815 de

432 2857 592 2920 tsemhopor
600 2844 723 2901 Boxelia
758 2846 922 2910 abbatibus,
954 2846 1079 2900 salutem
1116 2851 1146 2901 et
1181 2846 1371 2918 apostolicam
1406 2844 1648 2900 benedictionem.

432 2908 711 3006 {figfflffiffilecti
729 2930 783 2984 filii
801 2930 894 2985 nostri
913 2929 1132 2985 Oantuariensis
1164 2930 1297 2985 ecclesiae
1325 2948 1408 2985 snam
1426 2929 1464 2983 ad
1480 2946 1533 2983 nos
1551 2928 1650 2999 queri·

431 3008 569 3056 hvmham
601 3014 729 3067 moniam
746 3015 982 3078 transmiserunt,
1004 3013 1082 3084 quod
1108 3031 1176 3068 cnm
1201 3013 1335 3069 ecclesiae
1361 3012 1397 3068 de
1421 3012 1538 3068 Estreia
1563 3010 1649 3066 etde

431 3059 575 3117 ”dmm
600 3096 798 3152 Mnneohetun
815 3097 912 3152 eidem
929 3096 1061 3151 ecclesias
1088 3097 1126 3151 ad
1152 3115 1223 3152 usus
1250 3115 1413 3169 pauperum
1435 3093 1650 3151 rationabiliter

600 3181 747 3252 deputatae
760 3182 893 3246 fuissent,
908 3187 939 3236 et
949 3199 1007 3235 non
1019 3180 1116 3236 solum
1129 3198 1147 3234 a
1158 3180 1241 3236 bonae
1260 3181 1409 3235 memoriae
1421 3178 1546 3235 Ricardo
1558 3195 1650 3248 quon-

599 3264 667 3320 dam
686 3265 891 3321 (lantuariensi
909 3264 1138 3336 archiepiscopo,
1153 3263 1206 3319 sed
1218 3265 1308 3319 etiam
1318 3263 1566 3334 praedeoessorum
1582 3279 1650 3317 nos·

600 3354 714 3404 trorum
732 3349 893 3405 Alexandri
911 3353 941 3402 et
952 3347 1038 3403 Lucii
1059 3345 1259 3419 [auctoritate]
1273 3348 1460 3410 confirmatae,
1472 3344 1649 3402 venerabilis

598 3433 690 3488 frater
707 3439 807 3487 noster
824 3432 1015 3487 Baldewinus
1034 3432 1254 3488 cantuariensis
1273 3432 1518 3502 archiepiscopus,
1535 3434 1650 3499 aposto-

599 3514 664 3570 licae
683 3515 761 3570 sedis
780 3517 906 3586 legatus,
927 3533 977 3569 eas
996 3516 1099 3570 usibus
1117 3516 1190 3586 ipsis
1204 3534 1238 3570 cx
1257 3534 1311 3571 sun
1327 3515 1476 3570 voluntate
1495 3514 1647 3579 subtraxit,

600 3605 631 3653 et
647 3599 727 3668 ipsas
746 3599 920 3668 quibusdam
939 3599 1054 3653 clericis
1074 3599 1172 3653 minus
1187 3600 1267 3670 juste
1286 3599 1438 3653 concessit.
1475 3596 1560 3652 Unde
1579 3598 1649 3668 quia

598 3683 660 3753 juri
677 3682 884 3752 praedictorum
903 3683 1028 3736 sistrum
1046 3683 1183 3737 volumus
1210 3689 1244 3738 nt
1271 3683 1411 3737 debemus
1437 3681 1598 3746 intendere,
1618 3688 1649 3736 et

599 3765 626 3821 si
653 3766 726 3836 quid
751 3766 783 3819 in
808 3765 1013 3837 praejudicium
1037 3766 1115 3835 juris
1143 3771 1242 3821 actum
1260 3772 1306 3821 est
1323 3767 1354 3820 in
1370 3767 1425 3820 hac
1451 3771 1535 3836 parte
1559 3770 1649 3835 prout

429 3850 571 3910 moenum·
599 3851 683 3906 nobis
711 3869 747 3905 ex
772 3852 865 3906 officio
891 3852 1032 3921 competit
1062 3852 1227 3917 emendare,
1260 3852 1429 3907 discretioni
1458 3857 1565 3906 vestras
1594 3869 1649 3922 per

429 3903 758 4008 lliffislhorapostolica
781 3936 891 4006 scripta
913 3935 1096 4000 mandamus,
1118 3941 1260 4006 qnatenus
1279 3935 1357 4007 apud
1375 3935 1564 3990 Cantnariam
1581 3953 1648 3990 con·

430 4001 582 4105 fflffifflo
599 4020 800 4081 venientesin
818 4038 919 4085 unum,
934 4019 1057 4075 dilectos
1076 4020 1153 4075 filios
1168 4025 1283 4075 nostros
1302 4019 1338 4074 de
1356 4020 1440 4074 Bello
1458 4024 1489 4074 et
1506 4018 1542 4074 de
1554 4019 1646 4074 Eves·

431 4103 569 4198 takeoopnt-
599 4104 667 4158 ham
685 4103 823 4159 abbates²
841 4104 878 4158 ad
889 4122 942 4160 vos
954 4105 1132 4170 convocetis,
1147 4109 1177 4159 et
1194 4111 1255 4160 tem
1273 4105 1309 4158 ab
1321 4105 1364 4159 eis
1378 4121 1463 4173 quam
1482 4123 1500 4158 a
1517 4104 1647 4174 capitulo

431 4156 587 4259 {mistis}
599 4187 804 4243 Cantuariensi
831 4194 861 4243 et
887 4189 923 4244 ab
948 4188 1024 4252 aliis,
1052 4206 1140 4259 super
1164 4189 1227 4259 jam
1255 4188 1342 4243 dictis
1370 4187 1502 4242 ecclesiis
1527 4188 1647 4258 cognita

429 4255 575 4350 ξῖξζᾞῇῗᾰθ
597 4273 730 4339 veritate,
752 4273 777 4329 si
795 4291 843 4328 res
864 4273 906 4328 ita
924 4291 956 4328 se
974 4273 1081 4327 habere
1101 4273 1273 4339 constiterit,
1294 4276 1485 4327 memoratum
1503 4273 1646 4344 archiepi-

430 4355 519 4410 bishop.

631 4493 735 4558 ¹Hngh
758 4495 788 4544 of
811 4495 914 4545 Avalon
937 4511 989 4545 was
1011 4511 1098 4546 conse-
1175 4496 1647 4558 ²Odo,abbotofBettle,1175-1200.

598 4574 683 4623 crated
710 4572 799 4637 bishop
827 4575 857 4624 of
882 4575 998 4636 Lincoln,
1028 4576 1096 4638 Sept.
1143 4576 1244 4625 Hehad
1261 4577 1325 4624 been
1344 4575 1413 4638 prior
1432 4574 1462 4624 of
1479 4574 1644 4640 Canterbnry,

598 4657 639 4712 21,
653 4656 724 4702 1186.
748 4651 869 4713 Gwerric,
881 4655 957 4703 abbot
968 4654 999 4703 ol
1006 4654 1098 4703 Faver-
1144 4657 1299 4705 1167-1175.
1328 4653 1421 4713 Adam,
1434 4655 1509 4703 abbot
1521 4653 1552 4702 of
1564 4652 1645 4703 Eres-

597 4731 678 4793 sham
698 4747 750 4781 was
772 4722 869 4780 blesaed
890 4734 924 4796 by
948 4733 1098 4798 arehbishop
1141 4734 1210 4795 ham,
1236 4738 1390 4794 ileo-1190,
1412 4748 1464 4782 was
1494 4747 1510 4782 a
1537 4731 1645 4783 Cluniae

597 4809 710 4860 Richaul
729 4810 756 4859 in
778 4814 849 4872 1178,
868 4812 917 4861 and
937 4813 994 4861 died
1011 4813 1097 4862 before
1141 4813 1227 4873 moult,
1240 4814 1290 4862 and
1307 4813 1357 4862 had
1375 4813 1439 4861 been
1452 4811 1521 4874 prior
1538 4811 1570 4860 of
1581 4811 1646 4863 Ber·

596 4888 742 4952 September
756 4893 825 4937 1189.
851 4889 891 4940 cf.
902 4889 1095 4948 Gervase,1445
1141 4893 1271 4957 mondaey,
1282 4891 1352 4942 Mon.
1365 4889 1438 4956 Arpi.
1449 4890 1475 4940 ii
1487 4896 1511 4952 l,
1524 4891 1571 4941 &c

596 4968 647 5016 and
660 4972 731 5018 167⁴.
767 4968 823 5017 The
835 4982 907 5017 name
925 4968 955 5017 of
967 4969 1009 5019 the
1020 4971 1097 5020 abbot

595 5046 627 5096 of
634 5046 734 5111 Boxley
746 5048 806 5099 does
817 5056 861 5099 not
872 5062 969 5113 appear.
