4192 6392
614 1130 656 1191 50
898 1142 1069 1193 srsssomu
1092 1141 1380 1209 esurusmuusss,

463 1323 584 1427 A'Iiaipm'
613 1321 749 1393 episeopo
767 1320 864 1376 omnia
881 1321 911 1375 in
930 1336 1034 1375 manus
1055 1320 1137 1391 regia
1150 1317 1351 1375 devolvantur.
1381 1319 1447 1377 Hoc
1465 1337 1538 1392 ergo
1550 1319 1669 1379 domino

554 1406 560 1418 '
613 1423 696 1477 papae
716 1404 870 1469 ostendite,
897 1410 928 1460 et
946 1421 1033 1475 quam
1060 1403 1148 1459 citius
1167 1403 1300 1475 potestis,
1320 1405 1476 1461 consilinm
1494 1405 1560 1477 ejus
1578 1422 1668 1478 super

614 1490 660 1544 his
679 1495 710 1545 at
721 1489 901 1545 voluntatem
913 1487 1076 1544 rescribite.
1102 1487 1166 1544 Nos
1178 1494 1277 1545 autem
1290 1488 1418 1555 iuterim,
1429 1488 1573 1561 quioquid
1583 1488 1667 1545 uobis

447 1580 594 1625 Heuuotea
613 1574 736 1638 aecidat,
764 1590 816 1645 per
846 1572 903 1629 Dei
921 1572 1058 1643 gratiam,
1078 1571 1152 1627 nihil
1174 1572 1326 1637 faciemus,
1349 1573 1426 1629 unde
1445 1571 1668 1630 Cantaurieusis

446 1631 601 1733 ffiffi,
614 1658 739 1713 eeclesia
769 1656 933 1728 periculum
963 1655 1058 1727 possit
1087 1656 1247 1721 incurrere,
1281 1657 1330 1712 val
1359 1675 1412 1713 nos
1442 1657 1555 1713 domini
1583 1674 1667 1730 papas

447 1731 583 1827 mmm
614 1741 845 1813 indignationem
874 1740 1036 1813 promereri
1062 1738 1229 1796 debeamus.
1268 1740 1313 1795 De
1331 1746 1446 1803 caetero,
1471 1740 1563 1797 verbo
1593 1758 1667 1813 opus

445 1833 556 1877 annnam
614 1843 672 1881 non
689 1826 747 1882 erit
764 1843 817 1881 nee
835 1825 1002 1881 litterarum
1020 1825 1219 1881 missionibus.
1257 1824 1357 1881 Unum
1375 1824 1574 1896 expetimuse
1598 1824 1668 1881 duo·

614 1912 679 1975 bus,
699 1915 733 1966 ut
750 1909 798 1965 vel
816 1909 848 1964 in
867 1909 987 1981 justitia
1015 1914 1156 1980 exsurgat
1174 1907 1309 1965 dominus
1339 1926 1415 1980 papa
1432 1915 1463 1965 ot
1486 1909 1714 1983 dissipantem

614 1994 726 2050 inimici
744 1993 818 2064 ejus,
838 1999 890 2049 aut
917 1992 1073 2049 ecelesiam
1099 1992 1156 2047 Dei
1174 1991 1224 2048 det
1241 1993 1273 2047 in
1297 1992 1500 2064 direptionem.
1539 1992 1624 2062 Quod
1641 1994 1667 2049 si

613 2077 784 2134 mandatum
802 2079 857 2135 hoe
883 2076 1063 2134 modicitatis
1087 2083 1195 2133 nostrae
1214 2075 1289 2132 eitra
1306 2077 1420 2132 curiam
1437 2094 1490 2133 vos
1509 2077 1666 2141 invenerit,

613 2163 695 2219 nulla
725 2161 850 2219 ulterius
877 2161 1028 2219 occasione
1043 2178 1250 2233 progressum
1279 2160 1479 2228 remoremini,
1499 2159 1552 2218 sed
1579 2178 1667 2235 quam

613 2247 755 2303 citissime
786 2247 858 2302 illuc
882 2246 1057 2318 properetis.
1095 2244 1158 2301 Nos
1185 2246 1263 2301 enim
1290 2245 1322 2300 in
1347 2252 1427 2302 arcto
1444 2247 1534 2319 positi
1553 2264 1666 2311 sumus,

445 2334 564 2431 {ldevivmta
614 2339 644 2387 ct
661 2332 816 2387 consilinm
834 2336 1021 2402 expectamus
1040 2329 1185 2401 suspensi.
1225 2329 1335 2386 Gravia
1351 2330 1431 2386 enim
1449 2337 1597 2402 suntque
1614 2346 1667 2387 nos

498 2396 531 2433 ‘⁰'
613 2422 759 2487 promunt,
780 2415 832 2471 sed
860 2431 925 2485 quoe
943 2413 1099 2470 imminent
1116 2414 1263 2484 graviora.
1300 2415 1452 2471 Minentur
1469 2432 1597 2487 namque
1614 2432 1667 2471 nos

613 2499 696 2555 bonis
715 2498 849 2554 omnibus
869 2497 1009 2569 spoliatos
1028 2496 1191 2564 includere,
1212 2504 1242 2554 et
1266 2516 1303 2554 ne
1322 2499 1389 2569 quis
1408 2498 1566 2571 aliquando
1583 2506 1668 2555 exeat

612 2582 771 2653 vigilanter
789 2582 961 2647 observare,
989 2599 1064 2653 pane
1082 2599 1135 2638 nos
1160 2582 1358 2638 tribulationis
1377 2589 1408 2639 et
1425 2601 1503 2656 aqua
1519 2584 1666 2657 angustiae
1677 2582 1715 2681 ᾗῇ

612 2683 770 2732 macerare,
782 2667 809 2722 ai
820 2666 966 2723 voluntati
978 2666 1087 2722 domini
1100 2667 1182 2737 regis
1194 2666 1378 2738 aliquatenus
1390 2668 1666 2740 presumpserimus
1702 2664 1708 2679 '

612 2752 767 2816 contraire,
787 2758 817 2808 et
835 2751 959 2808 sortasse
978 2751 1049 2806 dum
1067 2751 1178 2822 legitis,
1199 2752 1296 2808 omnia
1321 2754 1384 2809 haee
1402 2753 1434 2809 in
1450 2771 1505 2809 nos
1522 2754 1665 2817 fecerunt,

611 2837 642 2890 in
672 2836 825 2907 promissis
856 2832 1055 2907 hujus[modi]
1087 2836 1228 2893 veriores.
1280 2836 1370 2893 Scitis
1401 2838 1481 2909 quod
1512 2837 1667 2894 abbatibus

445 2913 582 2961 ΜΟᾸῙῙ·
611 2921 753 2975 indictum
773 2927 818 2974 cst
836 2938 870 2973 cx
888 2932 972 2991 parte
991 2921 1101 2974 domini
1114 2921 1195 2991 regis
1213 2938 1250 2975 ne
1270 2922 1301 2975 in
1313 2923 1483 2977 executione
1497 2922 1666 2993 procedant.

612 3006 688 3075 Quin
701 3011 731 3060 et
744 3005 908 3060 subsistunt
926 3021 1026 3058 omnes
1040 3004 1230 3060 formidantes
1243 3011 1350 3077 proeter
1362 3007 1497 3062 abbatem
1515 3006 1552 3061 de
1570 3006 1664 3072 Bello,

612 3107 700 3161 quem
718 3095 859 3160 spirantum
878 3089 1001 3160 potestis
1020 3089 1175 3144 excusetis.

470 3213 571 3319 siffis.
734 3259 826 3315 LXV.
865 3260 988 3314 Uunsno
1007 3273 1085 3313 rsus
1105 3258 1274 3314 Conventus
1294 3260 1533 3318 clusimus-sn.

439 3394 492 3487 3⁸1:ss
499 3398 580 3490 milk*
647 3380 730 3437 Sient
742 3390 847 3438 vesum
857 3382 1048 3454 jampridem
1063 3382 1191 3437 innotuit
1203 3382 1361 3448 sanctitati,
1381 3383 1515 3439 videntes
1533 3384 1665 3441 eeclesiae

494 3458 518 3489 Ν
547 3461 568 3490 lli
611 3467 617 3478 ·

442 3499 536 3548 rupeas
610 3484 638 3520 m
658 3484 716 3537 qvia
733 3466 833 3522 (livino
859 3467 952 3522 officio
970 3466 1104 3538 deputati
1130 3484 1232 3521 sumus
1260 3466 1481 3522 subversionem
1500 3468 1663 3533 imminere,

441 3544 584 3641 ffifflffl*
608 3568 675 3605 oum
694 3569 750 3605 non
770 3558 849 3606 osset
868 3552 918 3622 qui
937 3568 990 3621 pro
1003 3550 1088 3605 nobis
1108 3567 1143 3603 ex
1162 3550 1285 3605 adverso
1304 3550 1484 3616 ascenderet,
1499 3553 1555 3623 ipsi
1576 3554 1674 3629 elapi-¹

525 3610 561 3644 ‘m'
607 3653 673 3688 snus
692 3640 743 3689 aut
762 3635 881 3689 malitim
895 3653 960 3704 qum
973 3640 1112 3706 operatur·
1130 3635 1279 3700 resistere,
1301 3642 1353 3690 aut
1364 3642 1444 3690 certe
1462 3654 1515 3692 nos
1535 3637 1664 3708 objicere

606 3717 792 3772 advorsariis.
832 3718 1048 3773 Detrimentum
1062 3717 1161 3787 itaque
1174 3735 1274 3771 rerum
1286 3720 1366 3790 passi
1385 3724 1416 3775 et
1428 3719 1662 3783 diminutionem,

607 3802 676 3872 quia
687 3802 869 3857 honestatem
888 3819 1004 3873 quoquo
1018 3802 1152 3857 ecelesiae
1170 3808 1288 3868 nostrus,
1308 3803 1366 3859 nisi
1380 3804 1555 3861 subventum
1574 3813 1660 3869 esset,

605 3886 795 3959 praevidimus
832 3887 1012 3957 perituram3
1058 3885 1238 3941 audientiam
1275 3894 1404 3943 vestram
1437 3888 1660 3960 appellavimus.

606 3970 740 4026 liivolum
772 3971 844 4027 satis
874 3971 1050 4026 arbitrantes
1081 3971 1298 4042 posscssionum
1326 3973 1513 4027 emissionem
1541 3973 1578 4029 ad
1601 3975 1662 4046 jac-

439 4056 569 4148 hilvmhwa
606 4062 700 4110 turam
721 4055 909 4125 dignitatum.
948 4055 1063 4109 listune
1083 4060 1113 4111 et
1131 4055 1217 4109 modo
1243 4055 1280 4111 de
1299 4055 1347 4111 dic
1374 4057 1512 4125 graviora
1529 4059 1659 4129 perpessi

437 4112 493 4249 &J
500 4120 515 4151 ⁸
526 4158 581 4212 they
606 4154 784 4199 saumarios
803 4156 855 4193 nos
875 4138 1041 4193 reverentia
1059 4139 1252 4209 protectionis
1271 4140 1449 4209 apostolicae,
1464 4141 1519 4195 sub
1539 4159 1598 4212 qua
1609 4160 1661 4197 nos

438 4208 579 4309 'mm‘
605 4229 635 4277 at
656 4230 756 4277 nostra
777 4222 875 4277 omnia
895 4222 1047 4292 posuimus
1073 4222 1264 4293 appellantes.
1288 4223 1474 4294 aliquatenus
1494 4223 1659 4289 defendere,

604 4308 650 4362 val
679 4307 823 4377 jussionis
853 4312 957 4363 vestra·
988 4306 1084 4361 virtus
1115 4307 1146 4360 in
1177 4314 1286 4361 statum
1317 4324 1376 4378 quo
1405 4314 1538 4378 temporo
1563 4310 1661 4380 appel·

437 4392 583 4446 'llusuank
604 4391 721 4447 lationis
740 4392 831 4447 fuisso
856 4390 1044 4456 dinoscimur,
1065 4390 1161 4460 potuit
1186 4390 1354 4446 reformare.
1391 4391 1454 4446 Nos
1478 4397 1576 4449 temen
1595 4412 1660 4464 gra-

437 4443 575 4539 iiiffl‘ffl}
604 4476 675 4529 tiam
694 4482 822 4530 vostram
849 4473 1006 4544 rnnltiplioi
1027 4474 1235 4544 prosequimur
1263 4474 1426 4544 gratiarum
1445 4476 1569 4540 actione,
1584 4479 1660 4547 ,qiua

436 4527 592 4640 ¹0²1&ssspst
603 4559 828 4614 necessitatibus
859 4558 968 4613 nostris
999 4557 1160 4611 clementer
1191 4557 1370 4624 intendistis,
1403 4576 1455 4614 nee
1486 4560 1581 4614 deluit
1607 4562 1657 4632 qui

435 4647 544 4692 troubles.
600 4643 728 4714 juberet,
750 4642 874 4697 sednon
895 4649 958 4697 oret
977 4642 1028 4712 qrvi
1057 4642 1176 4697 laceret.
1215 4642 1241 4697 V
1246 4660 1330 4697 erum
1348 4644 1462 4714 quotics
1488 4643 1586 4715 apices
1605 4662 1659 4717 pro

603 4727 686 4781 nobis
706 4727 808 4781 direct-i
830 4734 907 4789 snut,
929 4725 1015 4780 toties
1028 4744 1132 4781 manns
1151 4727 1244 4797 patris
1257 4728 1351 4781 nostri
1369 4733 1533 4783 eontrauos
1552 4746 1660 4800 aggra-

603 4819 671 4868 vata
697 4819 751 4873 est,
772 4820 802 4865 et
826 4810 953 4865 conditio
978 4816 1079 4865 nostra
1104 4812 1133 4865 in
1158 4811 1258 4881 aliquo
1284 4812 1360 4867 fracta
1391 4812 1529 4869 (interior.
1571 4813 1658 4870 Nunc

602 4903 700 4950 autem
719 4895 837 4950 domum
856 4911 922 4949 cnm
941 4893 977 4949 do
996 4893 1090 4957 Bello,
1110 4894 1146 4949 do
1166 4894 1346 4951 Favreslram
1366 4902 1396 4951 ct
1421 4898 1520 4952 Sancti
1539 4897 1658 4971 Augus-

602 4981 655 5034 tini
675 4979 794 5036 abbates
813 4977 981 5034 maudatum
999 4984 1141 5045 vestrum,
1162 4986 1196 5037 ut
1212 4980 1376 5045 ridebatur,
1390 4981 1529 5039 mandare
1547 4983 1658 5041 vellent
