4192 6392
611 1180 676 1244 298
892 1196 1065 1245 mrsroms
1087 1195 1376 1257 esurusmuusss

460 1371 513 1414 un.
524 1372 578 1415 nse.
610 1367 688 1435 quod
706 1367 788 1422 vobis
806 1368 937 1422 scribens
955 1386 1031 1422 nunc
1055 1367 1172 1423 taudem
1190 1367 1374 1438 congaudere
1392 1367 1561 1438 compellor,
1581 1366 1658 1437 qued

441 1434 574 1544 gfflfflffi
608 1450 748 1506 diuturna
771 1451 802 1505 in
828 1451 943 1506 miseris
971 1451 1171 1522 expectatione
1198 1451 1317 1507 tandem
1344 1451 1382 1506 ed
1405 1457 1524 1522 portum
1554 1449 1658 1505 salutis

442 1547 467 1577 ¹1²
475 1537 516 1578 tue
608 1535 821 1605 applicantibus
847 1535 910 1606 jem
935 1535 1024 1591 effere
1055 1553 1137 1606 spem
1164 1535 1279 1600 salutis,
1308 1535 1442 1606 quamvis
1468 1534 1658 1590 adversorum

440 1588 574 1681 iffi.
606 1618 694 1673 trodio
723 1619 854 1685 affectus,
886 1621 989 1674 sentio.
1036 1618 1146 1675 Audivi
1174 1621 1252 1674 enim
1282 1620 1455 1675 certissimis
1473 1618 1657 1691 intersignis,

440 1689 565 1781 ffiffi?
607 1710 712 1758 vestrae
725 1722 820 1759 causus
832 1703 995 1759 auditorem
1007 1722 1084 1759 nune
1096 1704 1323 1759 terminatarum
1341 1703 1440 1768 affore,
1455 1703 1506 1775 qui
1517 1709 1656 1766 vestrum,

440 1787 570 1842 tholosam.
608 1786 670 1841 Dco
688 1795 806 1844 auctore
824 1795 855 1844 et
871 1795 970 1843 vestra
996 1787 1137 1859 patientia
1163 1794 1357 1858 promerente,
1377 1787 1515 1843 defendat
1533 1787 1657 1843 auetori-

607 1877 707 1927 tatem.
754 1872 838 1940 Quod
868 1873 894 1926 si
925 1872 980 1928 iste
1010 1873 1110 1927 forsan
1138 1872 1272 1942 priorum
1302 1872 1444 1943 exemplo,
1476 1870 1533 1926 Dei
1564 1871 1658 1927 adhuc

607 1956 742 2026 exigente
772 1955 910 2021 vindicte,
946 1956 1177 2021 subtraheretur,
1208 1974 1394 2027 nequaquam
1427 1961 1576 2026 oporteret
1593 1973 1656 2019 vos,

606 2046 746 2111 tunquam
763 2040 869 2095 divinae
887 2040 1030 2096 voluntati
1055 2040 1271 2111 incompositos,
1291 2041 1356 2112 ejus
1374 2046 1526 2112 expectare
1544 2058 1659 2096 sucees-

608 2143 713 2180 sereni.
750 2125 853 2180 Nostis
871 2126 958 2190 enim,
973 2127 998 2180 si
1017 2126 1090 2181 beno
1109 2126 1238 2190 memini,
1253 2126 1437 2180 sacerdotum
1455 2126 1657 2181 auctoritatem
1671 2132 1784 2178 ‹Iudithe

608 2227 626 2262 a
643 2209 766 2263 muliere
791 2209 879 2280 digne
903 2210 1101 2280 redargutum,
1122 2227 1157 2264 eo
1176 2209 1254 2281 quod
1280 2210 1387 2268 divine
1415 2210 1583 2267 liberationi
1600 2216 1658 2267 ter·
1671 2187 1751 2236 mc·

608 2292 720 2349 minum
737 2294 912 2365 posuissent.
950 2294 1064 2350 Valete.

456 2569 576 2616 sunus.
608 2557 767 2616 cccxiv.
797 2559 966 2616 Couvsurus
979 2560 1209 2616 (isuremmssrs
1222 2575 1376 2616 miramus
1388 2575 1480 2616 uisere
1492 2577 1529 2615 se
1548 2573 1655 2618 meru.

483 2621 550 2665 After

441 2671 573 2779 offim
642 2697 778 2753 Misimus·
797 2697 955 2753 Deseriam
982 2699 1110 2770 priorem
1129 2698 1228 2753 Sancti
1248 2697 1385 2771 Gregorii
1404 2699 1520 2755 obvium
1539 2700 1658 2757 demine

439 2785 595 2839 ueheuhop’,
606 2782 833 2854 archiepiscope,
854 2787 887 2837 ut
913 2782 941 2836 ei
959 2783 1176 2854 processionem
1195 2801 1230 2838 ex
1251 2790 1335 2854 parto
1353 2790 1454 2839 nestra
1480 2784 1608 2851 offerret,
1629 2793 1659 2841 et

439 2838 570 2931 ssfflim
607 2865 719 2921 diceret
737 2866 815 2937 quod
832 2884 886 2921 nes
905 2865 941 2920 dc
966 2865 1034 2936 jure
1061 2873 1127 2921 ante
1155 2866 1227 2921 elios
1254 2867 1282 2920 ei
1300 2866 1473 2922 deberemus
1492 2886 1656 2935 occurrere,

438 2938 541 2981 ”filim
606 2950 633 3004 si
657 2969 705 3006 res
729 2951 815 3005 uliter
842 2968 872 3005 sc
899 2950 1048 3005 heberent.
1087 2950 1144 3019 Qui
1171 2951 1202 3005 in
1226 2951 1353 3007 erastino
1379 2951 1458 3024 apud
1482 2953 1658 3025 Wingeham

438 2988 573 3101 &gerogio
605 3035 734 3099 veniens,
762 3034 844 3089 misit
869 3034 907 3088 ed
931 3052 984 3089 nos
1011 3035 1186 3106 praedictum
1211 3036 1349 3106 priorem,
1369 3036 1546 3106 magistrum
1576 3037 1657 3093 Sem-

438 3089 576 3192 {ssfflffi
607 3137 715 3184 sonem,
743 3125 773 3174 et
804 3119 840 3173 R.
866 3118 1179 3183 vicearchidiaconum,
1200 3125 1230 3173 et
1255 3119 1291 3174 Ii.
1320 3118 1356 3173 de
1383 3119 1491 3175 Seneto
1516 3120 1655 3186 Martino,

463 3189 572 3294 m·
606 3203 755 3268 mandans,
783 3207 818 3257 ut
841 3203 1026 3258 mitteremus
1054 3203 1091 3257 ad
1117 3221 1184 3258 eum
1211 3204 1373 3271 sacristam,
1399 3205 1602 3271 camerarium,
1624 3205 1655 3261 S.

480 3292 549 3344 ute)
605 3287 832 3353 thesaurarium,
860 3293 1017 3353 cantorem,
1043 3292 1074 3342 et
1097 3286 1235 3352 silanum,
1265 3294 1295 3342 et
1322 3288 1347 3342 si
1379 3288 1445 3358 quis
1472 3306 1575 3344 eorum
1601 3289 1656 3343 im·

438 3341 551 3446 fflgxt
605 3377 708 3442 potens
740 3378 820 3427 esset
850 3371 995 3436 veniendi,
1028 3371 1101 3426 alios
1131 3371 1196 3425 loco
1227 3372 1345 3426 illorum
1372 3373 1567 3428 mitteremus.
1611 3374 1655 3428 De

465 3459 494 3502 re.
503 3460 567 3504 791⁰.
605 3457 727 3511 consilio
746 3475 815 3511 vero
834 3456 1045 3520 universitatis,
1059 3462 1093 3509 ut
1111 3456 1266 3509 materiam
1284 3457 1455 3527 querelandi
1473 3458 1654 3523 tolleremus,

438 3523 573 3615 {fflffiffl
605 3541 739 3594 misimus
772 3541 801 3594 S.
830 3540 1055 3602 thesaurarium,
1087 3538 1216 3593 Alenum
1246 3545 1276 3594 et
1306 3540 1342 3594 R.
1375 3541 1411 3594 de
1443 3541 1554 3610 Cripta.
1600 3542 1656 3611 Qui
1741 3567 1746 3579 ·

437 3623 571 3715 {ffgglssffil'
605 3643 672 3677 cum
703 3642 767 3677 eum
795 3644 829 3677 ex
856 3630 939 3694 purte
970 3622 1133 3693 supprioris
1164 3631 1194 3677 et
1224 3630 1383 3679 conventus
1412 3625 1598 3690 salutassent,
1627 3633 1656 3681 ot

439 3724 569 3775 wingham.
605 3708 780 3762 obtulissent
810 3709 1034 3778 processionem,
1062 3706 1214 3777 respondit
1240 3708 1317 3777 quod
1345 3709 1468 3762 sulutem
1496 3717 1655 3765 conventus

446 3774 584 3827 (dmm
606 3793 777 3861 susciperet,
797 3790 848 3846 scd
874 3810 931 3845 non
959 3791 1131 3863 supprioris
1153 3791 1222 3862 quia
1249 3810 1316 3846 eum
1344 3811 1375 3847 se
1403 3794 1518 3848 dicebat
1544 3813 1656 3849 exeom-

455 3885 474 3928 Λ
535 3890 574 3930 ts.
604 3877 778 3939 muuieassc,
799 3882 829 3930 ct
846 3876 940 3930 eilhuc
959 3875 1240 3930 excommunicatum
1258 3876 1461 3932 denunciabat.
1500 3879 1540 3933 Et
1557 3879 1656 3933 habito

438 3897 533 3980 lleudigs
615 3981 620 3996 ,
678 3961 709 4014 Ἦ
756 3982 760 3994 ,
869 3961 875 3971 ·
912 3960 930 4013 d
1079 3962 1093 3993 1.
1278 3961 1307 4014 di
1461 3963 1466 3973 .

436 3988 583 4032 mmdedthe
605 3980 686 4015 const
711 3980 727 4014 e
746 3979 813 4014 sum
832 3979 892 4015 suis
932 3980 947 4013 e
966 3979 1152 4031 processione
1170 3979 1276 4031 respon
1309 3967 1330 4026 t,
1352 3962 1429 4032 qnod
1447 3963 1573 4018 libenter
1591 3982 1655 4018 earn

437 4037 571 4133 gilgffiiffl‘l'g
604 4046 749 4116 reciperet
767 4046 792 4099 si
812 4045 994 4116 subpriorem
1007 4063 1218 4110 amoveremus,
1233 4052 1263 4100 et
1276 4045 1295 4098 J
1297 4046 1438 4100 charmem
1451 4047 1487 4100 de
1500 4048 1653 4112 Bremble;

436 4140 553 4230 puerone
604 4131 652 4184 cui
671 4148 842 4200 responsum
861 4136 907 4183 est
934 4130 1011 4200 quod
1037 4129 1092 4184 hoc
1119 4130 1285 4185 nullatenus
1311 4131 1483 4196 faceremus,
1504 4133 1593 4187 etiam
1619 4133 1654 4186 de

439 4190 555 4285 Bssffiss:
604 4214 708 4268 ultimo
727 4214 857 4268 omnium
876 4214 1045 4267 amovendo.
1084 4214 1239 4268 Petierunt
1262 4221 1413 4284 praeterea,
1434 4222 1467 4270 ut
1485 4217 1655 4272 mandatum

435 4291 483 4384 {²12¹ss
491 4293 558 4387 324}ss
604 4299 713 4354 domini
732 4318 814 4369 papie
833 4304 863 4352 et
881 4298 1037 4352 cardinalis
1056 4299 1175 4353 feceret.
1214 4298 1271 4366 Qui
1290 4298 1448 4368 respondit,
1471 4301 1550 4354 “Sic
1568 4301 1653 4355 feei.'’

435 4394 571 4452 semsedhe
604 4384 750 4454 Praecepit
780 4390 878 4438 autem
908 4382 1025 4436 domino
1057 4382 1150 4437 Aleno
1182 4390 1213 4437 ut
1244 4383 1376 4437 ordinem
1404 4385 1574 4450 custodiret,
1602 4405 1655 4440 nee

437 4446 548 4539 &¹in
604 4469 799 4524 obedientiam
826 4469 955 4538 aliquem
983 4467 1128 4537 subpriori
1156 4467 1314 4532 exhiberet,
1343 4485 1396 4521 neo
1423 4488 1475 4539 pro
1501 4469 1653 4540 subpriore

435 4547 581 4641 gffffifflffl
602 4555 732 4609 haberet.
766 4554 822 4621 Qui
841 4553 992 4624 respondit
1011 4552 1089 4622 quod
1106 4553 1229 4606 nuncius
1249 4559 1320 4616 eret,
1335 4571 1389 4609 neo
1407 4553 1444 4607 cd
1462 4554 1517 4607 hoe
1535 4555 1654 4609 missus.

436 4648 549 4701 subprior.
602 4639 849 4711 Archiepiscepus
875 4645 982 4702 eutem,
1011 4635 1157 4706 protensis
1188 4636 1219 4690 iu
1249 4636 1356 4692 ooelum
1386 4637 1531 4702 menibus,
1561 4639 1655 4694 erevit
1668 4650 1687 4691 s.
1696 4641 1750 4691 unt
1759 4636 1784 4679 11⁸*

603 4725 691 4781 tortio
721 4722 846 4778 eundem
874 4738 1038 4776 sermonem
1063 4727 1209 4791 repetens,
1238 4723 1257 4746 “
1271 4720 1410 4777 Vindicet
1436 4741 1483 4776 me
1510 4722 1590 4777 Deus
1618 4706 1696 4778 de³⁹'

605 4816 623 4838 “
644 4806 827 4879 subpriore.’'
866 4806 922 4861 Cui
950 4823 1017 4859 cum
1041 4823 1215 4876 responsum
1243 4811 1330 4872 esset,
1360 4806 1439 4878 quod
1467 4807 1492 4860 si
1519 4807 1654 4878 subprior

603 4902 681 4951 esset
710 4893 761 4947 ubi
791 4891 848 4944 erit
886 4891 962 4944 infra
991 4895 1109 4944 eentum
1136 4908 1235 4954 eunies,
1262 4909 1320 4944 nen
1350 4891 1570 4956 desisteremus,
1603 4892 1654 4946 sed

603 4980 726 5034 forsitan
751 4977 855 5031 fortius
884 4993 1049 5046 ageremus,
1070 4974 1228 5046 respoudit,
1252 4975 1388 5030 “Sciatis
1408 4975 1486 5046 quod
1505 4976 1653 5047 judicium

606 5068 624 5089 ‘⁶
645 5063 681 5117 dc
709 5080 742 5115 eo
770 5063 880 5114 sactum
907 5065 962 5123 est,
992 5066 1021 5114 et
1039 5076 1127 5130 poena
1153 5077 1207 5130 pro
1233 5059 1345 5113 loribus
1371 5066 1426 5124 est,
1455 5060 1513 5113 nisi
1539 5062 1653 5115 uenerit

605 5151 623 5174 ‘⁶
643 5146 681 5200 ad
705 5143 962 5200 satisfactionem.”
1011 5143 1141 5200 Minatus
1169 5149 1215 5200 est
1240 5144 1329 5200 etiam
1357 5145 1435 5216 quod
1463 5144 1652 5201 centaurium
