4192 6392
637 1168 705 1235 tto
921 1184 1093 1237 remmus
1114 1184 1407 1250 carmasnssrs,
1504 1202 1512 1214 ·

486 1371 609 1419 surm
635 1360 782 1432 judicium
815 1361 947 1417 eeclesias
978 1362 1123 1434 parietur,
1152 1378 1244 1434 qnare
1267 1379 1327 1418 non
1353 1363 1492 1418 similiter
1515 1360 1699 1420 teneam?

468 1427 710 1539 ,maone
722 1453 823 1503 umes
839 1447 955 1502 unser
964 1446 1108 1502 norme
1120 1447 1204 1502 vous
1215 1448 1326 1503 ocsus
1344 1449 1503 1513 mrem,
1517 1450 1598 1520 quis,
1614 1449 1698 1520 quoa

468 1538 610 1633 ffissffm
637 1530 733 1600 majus
751 1539 807 1596 est,
825 1531 864 1586 sd
887 1531 982 1603 ipsius
1009 1531 1142 1587 eeclesia
1158 1539 1191 1588 et
1206 1533 1298 1589 vestri
1317 1534 1480 1590 custodiam
1497 1533 1698 1604 obligamur?

469 1603 604 1685 uem?
638 1614 714 1671 Sane
750 1615 917 1672 sollicitudo
947 1617 1076 1688 exigitur
1105 1617 1144 1672 sd
1178 1618 1303 1673 tutelam
1332 1637 1351 1674 a
1385 1619 1526 1673 membris
1556 1619 1695 1674 ecelesias

420 1771 427 1783 ι
469 1689 608 1790 &a
637 1701 741 1765 minor,
766 1718 785 1755 a
810 1701 906 1772 eapite
931 1702 1112 1773 principalis.
1150 1702 1323 1775 Eapropter,
1352 1703 1430 1758 sieut
1455 1703 1595 1774 oportuit,
1624 1703 1695 1758 dili·

636 1791 740 1857 genter
763 1792 793 1840 et
817 1785 869 1839 diu
895 1786 1122 1841 deliberavimus
1148 1787 1178 1841 in
1202 1806 1265 1841 rem
1292 1798 1431 1851 nostram,
1454 1789 1580 1842 sormam
1608 1788 1694 1843 elici·
1707 1801 1808 1847 sadra

635 1877 717 1924 entes
735 1870 774 1925 ad
791 1870 939 1935 ultimum,
962 1871 992 1925 in
1017 1889 1077 1943 qua
1099 1879 1199 1943 posset
1216 1872 1398 1928 abundanter
1415 1873 1549 1928 ecclesiia
1567 1873 1617 1927 cui
1636 1891 1692 1928 nos

635 1953 761 2008 Domino
785 1955 956 2026 disponente
980 1956 1167 2027 preficimnr,
1187 1974 1205 2011 a
1222 1957 1316 2012 futuri
1333 1957 1476 2028 temporis
1503 1956 1693 2012 incommodo

634 2038 793 2108 provideri,
813 2057 901 2110 qnam
925 2040 1009 2095 robis
1035 2058 1090 2112 per
1115 2041 1233 2096 abbates
1252 2042 1357 2112 primo,
1379 2060 1432 2114 per
1458 2042 1582 2095 fratrem
1601 2040 1633 2096 J.
1654 2043 1693 2096 de

635 2121 734 2177 Dovra
744 2123 927 2196 capellanum
938 2132 1071 2180 nostrum
1083 2125 1304 2197 designavimus
1316 2134 1539 2196 consequenter.
1571 2124 1693 2180 Revera

635 2206 775 2277 quicquid
802 2209 969 2265 securitatis
996 2209 1033 2263 ad
1051 2220 1224 2281 perpetuam
1250 2210 1382 2265 eeclesias
1406 2216 1515 2265 vestrm
1544 2208 1693 2264 indemni·

634 2297 724 2346 tatem
759 2293 891 2357 sufficiat,
924 2293 964 2348 ibi
995 2294 1025 2348 in
1055 2293 1233 2349 abnndantia
1267 2296 1441 2357 continetur,
1473 2293 1569 2348 multo
1599 2295 1692 2350 etiam

466 2371 623 2468 {mffifoe
634 2378 761 2447 amplius
779 2395 868 2449 quam
886 2378 1005 2450 quidam
1029 2378 1229 2451 exquisitioris
1248 2379 1364 2434 consilii
1382 2385 1520 2433 censeant
1537 2383 1688 2450 oportere.

466 2475 620 2520 tmeoertun
633 2461 781 2518 Audacter
805 2462 940 2526 dicimus,
968 2481 1057 2535 super
1080 2463 1182 2518 eadem
1206 2465 1302 2518 forma
1324 2463 1400 2517 nihil
1429 2462 1511 2518 alind
1534 2463 1688 2529 timemus,

466 2524 597 2621 fffflffil
632 2547 708 2602 nihil
731 2547 853 2603 dubium
877 2549 1066 2612 iestimamus,
1091 2547 1150 2603 nisi
1174 2547 1253 2619 quod
1277 2547 1411 2603 dominus
1436 2565 1514 2618 papa
1532 2548 1565 2602 in
1583 2549 1690 2604 confir·

466 2628 591 2728 wip
631 2633 760 2687 mationa
778 2632 859 2687 illius
880 2632 1002 2703 capituli
1021 2632 1101 2703 quod
1119 2632 1155 2687 de
1173 2633 1341 2703 juramento
1360 2630 1576 2704 archiepiscopi
1596 2633 1690 2688 inter·

464 2689 563 2770 ttelr⁰
633 2717 751 2782 seritur,
765 2734 796 2771 se
813 2716 961 2771 difficilem
981 2716 1139 2772 exhibebit.
1176 2716 1245 2772 Non
1263 2717 1341 2771 enirn
1362 2716 1493 2771 creditur
1514 2717 1594 2788 quod
1613 2718 1690 2774 velit

471 2778 560 2823 inumb.
632 2802 663 2856 in
681 2806 762 2856 tenta
787 2801 954 2856 humilitate
977 2818 1132 2873 personam
1150 2802 1224 2856 tanti
1243 2801 1369 2855 nominis
1386 2800 1522 2871 obligari.
1561 2801 1595 2857 Si
1616 2820 1689 2858 vero

632 2886 780 2941 censuerit
803 2885 840 2939 ad
863 2884 1103 2950 confirmandum,
1123 2890 1154 2940 et
1176 2904 1194 2940 a
1219 2885 1313 2949 nobis,
1336 2885 1556 2956 inexemplum
1583 2903 1688 2942 eorum

531 3011 540 3035 ,
632 2971 684 3042 qui
708 2969 877 3034 succedunt,
891 2969 988 3041 jurari
1007 2969 1144 3033 voluerit,
1166 2969 1204 3024 ad
1221 2975 1336 3025 nostros
1364 2987 1551 3025 successores
1577 2972 1687 3027 fortius

631 3053 820 3119 innodandos,
840 3054 942 3110 faciles
961 3054 998 3109 ad
1016 3055 1216 3110 executionem
1235 3054 1325 3124 hujus
1345 3054 1442 3126 operis
1461 3054 1686 3113 descendemus.

631 3139 776 3196 Volumus
795 3138 898 3210 igitur,
918 3139 997 3194 sicut
1021 3138 1095 3193 alias
1112 3138 1196 3194 vobis
1215 3138 1351 3193 dedimus
1379 3139 1410 3192 in
1431 3138 1588 3203 mandatis,
1615 3158 1689 3212 qua·

632 3229 716 3280 tenus
735 3241 824 3296 super
841 3224 879 3278 iis
898 3241 963 3296 qum
980 3223 1012 3278 in
1030 3224 1124 3278 forma
1150 3223 1203 3277 illa
1220 3229 1360 3294 concepta
1387 3229 1464 3286 sunt,
1484 3241 1538 3295 per
1561 3224 1687 3280 fratrem

630 3307 667 3365 A.
687 3310 810 3365 latorem
828 3309 1017 3380 praesentium
1035 3313 1066 3363 et
1080 3313 1142 3363 tres
1161 3307 1233 3362 alios
1261 3308 1313 3378 qui
1338 3307 1472 3362 mittendi
1491 3314 1569 3372 sunt,
1588 3327 1686 3382 usque

631 3393 834 3449 Coventriam¹
862 3391 1059 3464 responsionis
1078 3396 1184 3447 vestrae
1212 3390 1419 3446 certitudinem
1437 3392 1615 3458 remittatis3
1637 3396 1686 3449 vel

630 3497 683 3550 per
707 3485 746 3544 te,
774 3479 816 3532 fili
846 3477 935 3548 prior,
964 3484 995 3532 et
1018 3477 1091 3530 elios
1122 3476 1212 3531 etiem
1237 3476 1316 3547 juris
1346 3477 1438 3531 vestri
1469 3483 1498 3530 et
1527 3477 1686 3548 dignitatis

631 3572 737 3617 nostrus
758 3561 939 3632 [memores]‚
954 3571 984 3616 et
1002 3580 1055 3632 pro
1074 3567 1152 3615 statu
1172 3561 1305 3615 eeclesiae
1321 3561 1503 3624 Lumhensis‚
1519 3580 1607 3632 quarn
1629 3565 1685 3618 sub

630 3649 809 3719 protectione
836 3657 865 3700 et
892 3645 1024 3700 custodia
1042 3652 1141 3700 nostra
1166 3663 1233 3699 cum
1252 3647 1386 3699 omnibus
1405 3646 1592 3716 pertinentiis
1620 3650 1685 3702 suis

631 3733 823 3802 suscepimus,
855 3730 1023 3784 solemniter
1051 3729 1202 3783 nobiseum
1228 3730 1392 3801 appelletis,
1430 3735 1505 3786 teste
1531 3749 1578 3785 me
1607 3733 1683 3805 ipso,

632 3818 681 3888 qui
702 3816 817 3871 venturi
837 3815 907 3870 estis
928 3813 1091 3869 Londouins
1111 3814 1148 3869 ad
1166 3833 1228 3869 nos.

487 4050 584 4151 ffiffi‘
731 4044 942 4099 (JCCCLXVI.
980 4045 1092 4099 Annam
1112 4061 1145 4098 nr
1165 4059 1299 4098 essurio
1320 4044 1425 4099 Sasuri
1444 4045 1577 4101 Rruruu.

461 4169 616 4213 'thieconvent
666 4153 779 4206 Caritas
799 4160 844 4206 est
861 4153 956 4207 virtus
985 4171 1050 4222 (pun
1076 4153 1236 4223 plurimum
1264 4153 1384 4222 prodest
1403 4154 1438 4205 iis
1464 4153 1514 4222 qui
1533 4153 1683 4209 modicum

462 4222 600 4314 ‘¹'¹¹¹¹,{2{.20¹}⁰
630 4245 759 4310 possunt.
808 4238 843 4291 Iu
874 4238 1022 4308 oppressis
1058 4237 1135 4291 enim
1167 4243 1196 4291 et
1226 4237 1340 4290 afflictis
1377 4238 1501 4291 maxime
1532 4249 1684 4309 comparet

461 4273 504 4313 rhu

462 4284 596 4375 uliernyrp
630 4324 723 4378 virtus
743 4323 883 4377 caritatis.
922 4322 985 4376 Nee
1011 4322 1137 4375 nominis
1157 4322 1286 4389 dignitus
1306 4320 1465 4375 Christiani
1493 4321 1550 4375 elin
1568 4324 1683 4377 ratione

460 4388 593 4505 mmm·
630 4410 675 4463 uui
704 4409 812 4475 gaudet
836 4409 944 4461 honoro
970 4407 1115 4469 vocabuli,
1141 4406 1198 4459 nisi
1227 4405 1400 4459 adhaererulo
1420 4406 1481 4459 Deo
1508 4414 1538 4460 et
1564 4425 1682 4478 conum·
1773 4453 1776 4459 .

461 4502 591 4564 creturus.
629 4495 726 4547 tiendo
746 4494 885 4564 proximo.
925 4491 998 4544 Inde
1018 4491 1154 4560 estquod
1174 4491 1322 4544 sanctitati
1336 4497 1441 4544 vestrm
1460 4492 1683 4548 tribulationem

628 4586 766 4634 nostruin.
784 4579 852 4630 lieet
870 4577 922 4630 toli
944 4577 1004 4628 sere
1023 4576 1087 4628 orbi
1100 4575 1205 4628 Latino
1223 4575 1415 4635 notissimam,
1431 4577 1682 4632 eorumnnicamus

629 4664 744 4716 litteris.
773 4663 861 4715 Bonan
880 4661 1030 4714 memorien
1049 4659 1245 4722 Baldewiuus‚
1260 4667 1359 4714 noster
1379 4660 1524 4729 quondam
1537 4662 1684 4733 arehiepi-

628 4766 742 4818 scopus,
769 4765 841 4818 opus
866 4745 1089 4807 contentiosum,
1119 4744 1258 4799 videlieet
1289 4745 1441 4799 ecclesiam
1473 4747 1618 4816 quandam
1645 4749 1681 4802 de

662 4952 667 4980 ¹
686 4949 743 4998 'llic
755 4949 905 5014 arclrbislrop
914 4965 964 4998 was
976 4949 1090 5013 engaged
1100 4947 1124 4996 iu
1177 4957 1261 5000 return
1271 4959 1297 4999 to
1306 4951 1420 5006 London,
1429 4951 1511 5000 where
1521 4952 1552 5000 he
1560 4953 1679 5017 resigned

627 5046 678 5079 war
691 5029 751 5078 with
771 5028 814 5078 the
826 5028 914 5077 ll'elsh
926 5043 959 5076 on
972 5029 1014 5077 the
1024 5029 1125 5076 bordcrs
1177 5029 1218 5078 the
1237 5029 1411 5093 justiciarship
1423 5029 1508 5079 before
1529 5031 1572 5082 lhe
1591 5035 1641 5084 eud
1654 5039 1685 5085 os

626 5109 652 5157 in
663 5109 763 5171 August
771 5109 904 5171 (Genese,
915 5112 999 5170 1614),
1008 5107 1057 5156 and
1065 5122 1123 5172 may
1175 5109 1218 5158 the
1229 5110 1324 5160 nronth.

625 5189 690 5239 have
701 5204 758 5237 nov
771 5188 833 5238 been
853 5195 879 5237 nt
891 5187 1019 5252 country
1031 5201 1063 5238 on
1085 5187 1123 5237 his
