4192 6392
610 1190 676 1255 204
895 1202 1066 1254 sermons:
1088 1203 1381 1287 emisissem,

459 1384 581 1427 ultim.
610 1382 706 1434 lucrat
730 1379 930 1435 distributum.
974 1380 1161 1452 ,Quapropter
1188 1379 1317 1436 chrisma
1340 1380 1401 1435 illis
1425 1380 1605 1443 transmisit,
1633 1385 1667 1434 ut

466 1435 571 1537 ciffi,
609 1463 666 1535 ipsi
685 1464 816 1519 lacerent
841 1463 916 1519 illud
940 1482 993 1535 per
1018 1463 1086 1520 illos
1105 1463 1291 1530 distribuero,
1309 1482 1362 1537 per
1380 1482 1455 1536 quos
1473 1463 1592 1519 solebat
1607 1462 1665 1518 dis·

439 1546 596 1601 deminum
609 1547 711 1603 tribui.
743 1548 783 1604 Et
803 1549 829 1604 si
849 1549 984 1604 monachi
1004 1548 1229 1605 cantuarienses
1249 1548 1326 1604 illud
1342 1548 1455 1605 nollent
1473 1548 1663 1612 distribuere.

439 1598 572 1693 iiiiii&
609 1631 684 1687 illud
702 1631 858 1689 sollicitius
876 1632 1066 1704 providerent
1083 1637 1119 1687 ut
1135 1632 1372 1688 distribueretur.
1407 1631 1550 1689 Nondum
1568 1638 1664 1688 umen

439 1700 553 1794 ssffi'm
609 1715 724 1787 otiando
749 1716 813 1771 lucc
838 1717 915 1772 lacte
942 1721 1019 1781 sunt,
1047 1716 1086 1771 A.
1115 1716 1304 1782 subsacrista,
1334 1734 1422 1789 quam
1446 1716 1486 1772 ad
1512 1716 1663 1771 dominum

440 1800 558 1881 ”gelmi
608 1800 860 1872 arehiepiscopum
877 1806 998 1872 propter
1023 1799 1152 1856 chrisma
1169 1807 1200 1856 ct
1222 1808 1343 1872 propter
1360 1800 1529 1856 litterarum
1555 1799 1663 1855 domiui

439 1854 555 1897 “nuum
607 1902 690 1957 popm
711 1902 883 1957 responsum
910 1884 1056 1950 misimus,
1075 1901 1213 1940 reversus
1239 1885 1305 1940 fuit.
1342 1884 1496 1941 Noveritis
1520 1892 1663 1957 praeocru

608 1968 686 2040 quod
703 1968 748 2023 illi
767 1969 818 2040 qui
837 1969 874 2023 ab
885 1969 1090 2025 executoribus
1108 1968 1277 2025 denunciati
1289 1975 1360 2026 sunt
1376 1968 1623 2025 excommunicati
1633 1967 1662 2023 in

608 2070 716 2122 genero
728 2052 760 2107 in
776 2053 859 2108 nullo
870 2052 1009 2109 dosommt
1029 2053 1205 2120 sementim
1225 2052 1278 2108 sed
1296 2059 1327 2110 et
1343 2053 1465 2125 quidem
1483 2070 1589 2110 eonnn
1599 2056 1662 2125 post

607 2136 860 2192 denunciationem
889 2138 1041 2193 sententie}
1072 2137 1219 2192 celebrare
1251 2136 1339 2193 otiam
1368 2137 1400 2192 in
1428 2137 1547 2209 capella
1575 2136 1661 2193 curie

606 2226 713 2277 nestrae
730 2239 788 2276 non
806 2226 954 2286 vorentur,
975 2220 1028 2277 sod
1045 2227 1076 2277 ct
1096 2221 1177 2276 boris
1190 2221 1464 2293 incompetentibus,
1484 2220 1660 2277 clamoribus

606 2310 637 2361 et
666 2306 869 2377 inquietudine
899 2311 930 2361 et
964 2305 1152 2377 improbitate
1183 2325 1237 2362 sus
1271 2311 1447 2361 conventum
1484 2305 1605 2363 irritare
1632 2309 1661 2360 et

441 2396 538 2441 lusto
607 2392 764 2447 molestare
792 2408 851 2446 non
880 2395 1003 2446 cessant.
1042 2390 1190 2446 Caeterum
1219 2406 1340 2446 necesse
1369 2397 1416 2446 est
1445 2402 1482 2446 ut
1510 2390 1658 2447 dominnm

438 2448 589 2543 lii‘uffiiss
607 2493 711 2546 popum
741 2474 901 2531 consuletis
932 2492 1020 2546 quom
1049 2475 1149 2540 citius,
1180 2481 1282 2530 utrum
1309 2492 1363 2529 nos
1392 2473 1441 2529 vel
1472 2472 1532 2546 ipsi
1557 2474 1659 2546 quibus

438 2548 583 2644 mmuh
606 2558 780 2616 demandata
806 2566 852 2615 est
877 2559 1029 2615 sententia*
1055 2558 1250 2624 denunciatio,
1277 2558 1391 2631 possint
1414 2563 1484 2630 post
1507 2557 1658 2614 denuncia-

438 2648 494 2744 ‘mil
502 2652 568 2694 malo
606 2643 715 2699 tionem
725 2643 875 2700 sententiaa
888 2642 1090 2699 malefectores
1102 2643 1180 2708 illos,
1193 2642 1266 2699 siad
1277 2641 1508 2698 satisfactionem
1520 2642 1657 2705 venerint,

437 2700 580 2746 “inum''
606 2728 767 2793 absolvero,
795 2727 907 2799 ubsque
931 2726 1042 2782 domini
1067 2744 1150 2799 popm
1176 2744 1265 2798 super
1288 2727 1344 2782 hoc
1367 2725 1491 2797 speciali
1515 2725 1656 2782 mandute.

607 2812 794 2869 consulimus
813 2812 900 2877 enim,
927 2818 987 2868 tam
1004 2829 1058 2867 nos
1077 2828 1165 2883 quum
1183 2811 1250 2882 ipsi,
1271 2829 1360 2882 supor
1377 2811 1433 2866 hoc
1460 2811 1609 2883 sapientes
1630 2815 1658 2866 et

498 2927 504 2945 ·
606 2897 682 2967 legis
700 2897 821 2968 peritos,
842 2896 894 2967 qui
912 2913 1011 2951 omnes
1030 2895 1208 2950 unanimiter
1226 2894 1329 2950 dieunt
1346 2894 1425 2966 quod
1449 2912 1504 2951 nos
1522 2914 1579 2952 neo
1595 2895 1656 2968 ipsi,

606 2980 714 3053 quibus
743 2980 914 3036 mundatum
938 2985 992 3045 ost,
1024 2979 1088 3035 sinc
1113 2979 1235 3051 speciali
1261 2978 1397 3035 mundato
1424 2998 1583 3052 possumus
1611 2998 1656 3036 oos

605 3065 767 3121 absolvero.
817 3063 989 3135 Presbyteri
1017 3063 1146 3119 civitatis
1176 3062 1244 3118 odie
1275 3063 1448 3119 inexorabili
1479 3082 1534 3121 nos
1564 3082 1656 3137 perse·

606 3158 746 3222 quantur,
767 3167 891 3221 quorum
910 3147 1031 3220 quidum
1061 3166 1128 3203 cum
1156 3148 1413 3204 excommunicatis
1440 3149 1560 3220 publico
1586 3167 1657 3206 cem·

606 3234 763 3299 inuoluunt,
795 3240 826 3289 et
855 3233 917 3288 illis
947 3231 1222 3288 communicandum
1252 3232 1319 3287 eliis
1350 3231 1521 3303 praedieont.
1571 3232 1658 3289 Peuci

606 3338 675 3375 roro
693 3336 795 3373 eorum
813 3323 883 3373 sunt
901 3317 952 3388 qui
970 3335 1028 3372 non
1054 3316 1227 3372 levaverunt
1251 3316 1420 3372 oaleeuem
1447 3336 1536 3373 sunm
1562 3324 1726 3376 cunensis

606 3422 667 3459 nos.
706 3402 854 3459 Gruterum
871 3400 1013 3456 noveritis
1032 3400 1111 3471 quod
1130 3399 1225 3456 mines
1244 3401 1353 3456 multas
1378 3407 1409 3456 ct
1435 3419 1561 3480 magnas
1579 3386 1693 3458 nobisl‘*

607 3493 758 3548 intentent.
797 3489 856 3545 Sed
874 3490 945 3561 quia
961 3488 1091 3560 prompti
1104 3495 1135 3544 ot
1146 3487 1242 3560 parsti
1255 3507 1357 3544 sumus
1375 3507 1477 3545 omnes
1490 3495 1522 3545 ot
1539 3490 1656 3563 singuli,

606 3584 760 3646 posuluam
770 3574 868 3629 ‹irmriu
879 3581 997 3629 terrena
1008 3591 1063 3645 pro
1075 3571 1195 3628 Christo
1207 3573 1400 3644 pordidimus‚
1415 3580 1447 3629 et
1463 3575 1597 3631 corviccs
1608 3591 1657 3648 pre

438 3670 575 3731 Τιιυοιιιιιιψ
610 3661 676 3730 lpse
694 3677 847 3730 exponor-c,
867 3677 925 3713 non
943 3658 1081 3713 timemus
1109 3657 1282 3729 quidlaciat
1299 3658 1382 3713 nobis
1400 3658 1501 3714 bomo.
1537 3658 1726 3715 verum-ss·

438 3724 576 3775 mmmm
606 3750 704 3798 truuen
730 3742 906 3813 principales
933 3741 1096 3797 adversarii
1123 3742 1216 3797 uestri
1241 3742 1416 3797 omnimodis
1441 3750 1611 3815 procurant,
1627 3750 1658 3800 ut

437 3773 587 3917 ffiliffim
605 3827 739 3882 dusinus
758 3826 934 3881 Alboncusis
952 3825 1069 3897 legatus
1088 3826 1119 3880 iu
1136 3825 1276 3898 Angliam
1300 3828 1399 3882 veniat
1424 3845 1494 3882 cum
1517 3834 1657 3900 potestate

436 3924 577 3971 selimero
606 3929 712 3982 inagna
735 3917 766 3966 ct
790 3910 955 3975 manifesto,
989 3910 1068 3981 quod
1098 3911 1166 3981 lpse
1188 3916 1301 3966 mertnt
1326 3911 1382 3966 (lui
1407 3910 1477 3967 data
1494 3920 1541 3968 est
1568 3914 1657 3970 omnis
1667 3922 1725 3982 uel

438 3974 550 4029 llnglaml.
1667 3973 1723 4019 nm

604 4002 734 4067 potestus
752 3995 784 4049 in
802 3993 876 4049 cerlo
901 4002 931 4049 ct
957 3993 1095 4048 interra.
1132 3993 1181 4048 Ad
1198 3993 1287 4066 hujus
1306 3994 1394 4050 ctiam
1418 3995 1578 4067 legationis
1596 4015 1657 4070 pro·

604 4080 784 4135 cluutioncm
810 4078 977 4133 audirimus
1002 4085 1033 4134 ct
1057 4078 1205 4134 credimus
1231 4081 1419 4149 praesentium
1444 4081 1571 4137 latorem
1597 4100 1657 4139 esse

605 4164 818 4219 molismissum.
855 4162 971 4228 valete,
991 4169 1022 4218 et
1039 4163 1166 4219 viriliter
1184 4163 1274 4234 agite,
1295 4170 1325 4220 ct
1351 4166 1568 4232 confortamini,
1588 4167 1656 4223 etsi

605 4249 712 4304 littorio
741 4247 804 4303 istm
830 4265 883 4318 pm·
909 4246 1111 4319 'l'emplurium
1137 4247 1185 4304 vel
1209 4266 1264 4323 per
1289 4250 1381 4307 alium
1405 4251 1491 4309 vobis
1518 4259 1655 4324 porrecte

605 4333 724 4399 luerint.
744 4331 828 4389 uobis
847 4330 1020 4404 significato.

460 4572 565 4681 Am&
678 4572 850 4632 CCXXIII.
887 4572 1038 4631 Cmursrr
1057 4587 1134 4628 rurs
1153 4571 1323 4630 Commrts
1342 4572 1587 4632 summissu

435 4722 483 4766 'rto
491 4726 588 4765 usurus
638 4706 676 4761 ln
705 4705 893 4761 urendicimto
924 4712 956 4761 ot
983 4704 1104 4759 miserie
1129 4704 1192 4775 jem
1221 4703 1316 4760 multo
1339 4712 1471 4777 tempore
1494 4705 1650 4767 constituti.

435 4772 568 4876 ''Jffiffim
602 4790 751 4847 seurotitmi
786 4796 901 4853 vestrm,
945 4800 1029 4861 pater
1065 4788 1234 4854 reverende,
1272 4789 1451 4861 multiplices
1491 4809 1527 4846 cx
1563 4791 1652 4847 animo

435 4874 584 4969 ffi‘ssl‘ssss‘
603 4877 759 4931 missimus
777 4876 941 4946 gratiarum
959 4874 1099 4937 cotiones,
1120 4892 1209 4946 super
1227 4874 1363 4929 mundato
1389 4876 1469 4945 quod
1494 4876 1610 4932 domino
1625 4880 1651 4929 el

434 4975 583 5021 cosmum
603 4961 680 5031 mitri
705 4972 805 5015 nostro
830 4959 1035 5014 Gumuariemi
1059 4957 1281 5029 archiepiscopo
1305 4958 1343 5013 dc
1367 4959 1651 5016 reformandum

436 5028 476 5119 ll}
484 5024 549 5119 Ψ
601 5058 702 5100 inostro
728 5058 759 5101 et
785 5043 853 5099 nori
880 5043 978 5115 operis
996 5042 1195 5105 demolitione,
1222 5042 1294 5098 licet
1318 5043 1476 5108 incassum,
1495 5043 1649 5101 ῥίψῃς,

435 5078 591 5177 fflsslssp,
601 5128 729 5185 historus
751 5128 831 5185 culm
848 5126 1013 5201 majestatis
1029 5140 1138 5184 vestm
1155 5125 1297 5199 pradicto
1313 5127 1392 5199 patri
1410 5134 1514 5186 uostm
1530 5128 1571 5186 xi.
1593 5125 1648 5184 hl.
