<?xml version="1.0" encoding="UTF-8"?>
<!DOCTYPE html PUBLIC "-//W3C//DTD XHTML 1.0 Transitional//EN"
    "http://www.w3.org/TR/xhtml1/DTD/xhtml1-transitional.dtd">
<html xmlns="http://www.w3.org/1999/xhtml" xml:lang="en" lang="en">
 <head>
  <title>
</title>
<meta http-equiv="Content-Type" content="text/html;charset=utf-8" />
  <meta name='ocr-system' content='tesseract 3.04.00' />
  <meta name='ocr-capabilities' content='ocr_page ocr_carea ocr_par ocr_line ocrx_word'/>
</head>
<body>
  <div class='ocr_page' id='page_1' title='image "./epistolaecantua00stubgoog_0412.png"; bbox 0 0 4192 6392; ppageno 0'>
   <div class='ocr_carea' id='block_1_1' title="bbox 604 1160 1374 1227">
    <p class='ocr_par' dir='ltr' id='par_1_1' title="bbox 604 1160 1374 1227">
     <span class='ocr_line' id='line_1_1' title="bbox 604 1160 1374 1227; baseline -0.017 0"><span class='ocrx_word' id='word_1_1' title='bbox 604 1160 669 1227; x_wconf 78' lang='lat'>210</span> <span class='ocrx_word' id='word_1_2' title='bbox 888 1166 1061 1220; x_wconf 72' lang='lat' dir='ltr'>erismae</span> <span class='ocrx_word' id='word_1_3' title='bbox 1085 1163 1374 1226; x_wconf 70' lang='lat' dir='ltr'>censuumnusus,</span> 
     </span>
    </p>
   </div>
   <div class='ocr_carea' id='block_1_2' title="bbox 451 1340 1660 1493">
    <p class='ocr_par' dir='ltr' id='par_1_2' title="bbox 451 1340 1660 1493">
     <span class='ocr_line' id='line_1_2' title="bbox 451 1340 1660 1408; baseline -0.006 -2"><span class='ocrx_word' id='word_1_4' title='bbox 451 1359 574 1406; x_wconf 70' lang='lat' dir='ltr'>unum</span> <span class='ocrx_word' id='word_1_5' title='bbox 602 1345 741 1408; x_wconf 79' lang='lat' dir='ltr'>manibus</span> <span class='ocrx_word' id='word_1_6' title='bbox 755 1349 873 1406; x_wconf 82' lang='lat' dir='ltr'>nostris.</span> <span class='ocrx_word' id='word_1_7' title='bbox 909 1347 1012 1404; x_wconf 88' lang='lat' dir='ltr'>Vitam</span> <span class='ocrx_word' id='word_1_8' title='bbox 1029 1352 1061 1402; x_wconf 86' lang='lat' dir='ltr'>et</span> <span class='ocrx_word' id='word_1_9' title='bbox 1076 1345 1307 1402; x_wconf 69' lang='lat' dir='ltr'>incolumitatem</span> <span class='ocrx_word' id='word_1_10' title='bbox 1324 1348 1454 1401; x_wconf 84' lang='lat' dir='ltr'>vestram</span> <span class='ocrx_word' id='word_1_11' title='bbox 1471 1341 1509 1399; x_wconf 86' lang='lat' dir='ltr'>ed</span> <span class='ocrx_word' id='word_1_12' title='bbox 1525 1340 1660 1400; x_wconf 74' lang='lat' dir='ltr'>console·</span> 
     </span>
     <span class='ocr_line' id='line_1_3' title="bbox 477 1411 1316 1493; baseline -0.011 1"><span class='ocrx_word' id='word_1_13' title='bbox 477 1411 549 1466; x_wconf 50' lang='grc' dir='ltr'>ω</span> <span class='ocrx_word' id='word_1_14' title='bbox 603 1439 711 1493; x_wconf 86' lang='lat' dir='ltr'>tionem</span> <span class='ocrx_word' id='word_1_15' title='bbox 728 1435 861 1492; x_wconf 79' lang='lat' dir='ltr'>ecclesio</span> <span class='ocrx_word' id='word_1_16' title='bbox 879 1433 948 1490; x_wconf 78' lang='lat' dir='ltr'>Sum</span> <span class='ocrx_word' id='word_1_17' title='bbox 965 1439 1118 1489; x_wconf 83' lang='lat' dir='ltr'>conservet</span> <span class='ocrx_word' id='word_1_18' title='bbox 1134 1430 1316 1487; x_wconf 86' lang='lat' dir='ltr'>Altissimus.</span> 
     </span>
    </p>
   </div>
   <div class='ocr_carea' id='block_1_3' title="bbox 461 1650 1658 1776">
    <p class='ocr_par' dir='ltr' id='par_1_3' title="bbox 461 1650 1658 1776">
     <span class='ocr_line' id='line_1_4' title="bbox 461 1650 1658 1776; baseline -0.005 -61"><span class='ocrx_word' id='word_1_19' title='bbox 461 1671 567 1776; x_wconf 28' lang='lat' dir='ltr'>Applql‘</span> <span class='ocrx_word' id='word_1_20' title='bbox 605 1655 803 1714; x_wconf 82' lang='lat' dir='ltr'>OCXXVIII.</span> <span class='ocrx_word' id='word_1_21' title='bbox 840 1654 992 1712; x_wconf 80' lang='lat' dir='ltr'>Honorum</span> <span class='ocrx_word' id='word_1_22' title='bbox 1011 1669 1096 1711; x_wconf 79' lang='lat' dir='ltr'>ratos</span> <span class='ocrx_word' id='word_1_23' title='bbox 1112 1669 1148 1710; x_wconf 86' lang='lat' dir='ltr'>sr</span> <span class='ocrx_word' id='word_1_24' title='bbox 1163 1651 1416 1710; x_wconf 79' lang='lat' dir='ltr'>socuGonvesrm</span> <span class='ocrx_word' id='word_1_25' title='bbox 1430 1650 1658 1709; x_wconf 72' lang='lat' dir='ltr'>Ouumnamssr.</span> 
     </span>
    </p>
   </div>
   <div class='ocr_carea' id='block_1_4' title="bbox 423 1780 1814 2789">
    <p class='ocr_par' dir='ltr' id='par_1_4' title="bbox 423 1780 1814 2789">
     <span class='ocr_line' id='line_1_5' title="bbox 436 1780 1814 1850; baseline -0.005 -9"><span class='ocrx_word' id='word_1_26' title='bbox 436 1796 558 1850; x_wconf 62' lang='lat' dir='ltr'>thonnor</span> <span class='ocrx_word' id='word_1_27' title='bbox 639 1787 707 1842; x_wconf 86' lang='lat' dir='ltr'>Non</span> <span class='ocrx_word' id='word_1_28' title='bbox 737 1786 927 1842; x_wconf 85' lang='lat' dir='ltr'>obliviscetur</span> <span class='ocrx_word' id='word_1_29' title='bbox 956 1785 1092 1840; x_wconf 86' lang='lat' dir='ltr'>misereri</span> <span class='ocrx_word' id='word_1_30' title='bbox 1113 1784 1204 1849; x_wconf 89' lang='lat' dir='ltr'>Deus,</span> <span class='ocrx_word' id='word_1_31' title='bbox 1231 1801 1286 1840; x_wconf 89' lang='lat' dir='ltr'>neo</span> <span class='ocrx_word' id='word_1_32' title='bbox 1315 1784 1445 1840; x_wconf 88' lang='lat' dir='ltr'>continet</span> <span class='ocrx_word' id='word_1_33' title='bbox 1467 1784 1500 1837; x_wconf 90' lang='lat' dir='ltr'>in</span> <span class='ocrx_word' id='word_1_34' title='bbox 1525 1783 1572 1837; x_wconf 88' lang='lat' dir='ltr'>ire</span> <span class='ocrx_word' id='word_1_35' title='bbox 1597 1780 1814 1838; x_wconf 62' lang='lat' dir='ltr'>unanimae</span> 
     </span>
     <span class='ocr_line' id='line_1_6' title="bbox 435 1848 1814 1945; baseline -0.003 -17"><span class='ocrx_word' id='word_1_36' title='bbox 435 1848 587 1945; x_wconf 51' lang='lat' dir='ltr'>mus</span> <span class='ocrx_word' id='word_1_37' title='bbox 604 1872 821 1928; x_wconf 60' lang='lat' dir='ltr'>nicenorum</span> <span class='ocrx_word' id='word_1_38' title='bbox 848 1871 941 1937; x_wconf 55' lang='lat' dir='ltr'>susm</span> <span class='ocrx_word' id='word_1_39' title='bbox 969 1870 1021 1925; x_wconf 72' lang='lat' dir='ltr'>sse</span> <span class='ocrx_word' id='word_1_40' title='bbox 1042 1886 1111 1925; x_wconf 71' lang='lat' dir='ltr'>enm</span> <span class='ocrx_word' id='word_1_41' title='bbox 1134 1870 1227 1925; x_wconf 78' lang='lat' dir='ltr'>iratus</span> <span class='ocrx_word' id='word_1_42' title='bbox 1252 1870 1351 1934; x_wconf 64' lang='lat' dir='ltr'>fusse,</span> <span class='ocrx_word' id='word_1_43' title='bbox 1378 1867 1588 1924; x_wconf 63' lang='lat' dir='ltr'>messorum</span> <span class='ocrx_word' id='word_1_44' title='bbox 1613 1884 1661 1922; x_wconf 67' lang='lat' dir='ltr'>re</span> <span class='ocrx_word' id='word_1_45' title='bbox 1674 1877 1814 1924; x_wconf 33' lang='lat' dir='ltr'>nme*</span> 
     </span>
     <span class='ocr_line' id='line_1_7' title="bbox 604 1954 1661 2018; baseline -0.006 -5"><span class='ocrx_word' id='word_1_46' title='bbox 604 1957 750 2013; x_wconf 75' lang='lat' dir='ltr'>cordatum</span> <span class='ocrx_word' id='word_1_47' title='bbox 788 1956 868 2011; x_wconf 85' lang='lat' dir='ltr'>Iram</span> <span class='ocrx_word' id='word_1_48' title='bbox 887 1957 917 2011; x_wconf 91' lang='lat' dir='ltr'>in</span> <span class='ocrx_word' id='word_1_49' title='bbox 928 1972 981 2010; x_wconf 83' lang='lat' dir='ltr'>vos</span> <span class='ocrx_word' id='word_1_50' title='bbox 993 1954 1137 2010; x_wconf 78' lang='lat' dir='ltr'><strong>Dominus</strong></span> <span class='ocrx_word' id='word_1_51' title='bbox 1156 1954 1321 2010; x_wconf 77' lang='lat' dir='ltr'>exercuisse</span> <span class='ocrx_word' id='word_1_52' title='bbox 1337 1954 1464 2018; x_wconf 85' lang='lat' dir='ltr'>videtur,</span> <span class='ocrx_word' id='word_1_53' title='bbox 1483 1969 1551 2009; x_wconf 86' lang='lat' dir='ltr'>cum</span> <span class='ocrx_word' id='word_1_54' title='bbox 1568 1968 1661 2007; x_wconf 78' lang='lat' dir='ltr'>manu</span> 
     </span>
     <span class='ocr_line' id='line_1_8' title="bbox 604 2037 1661 2114; baseline -0.005 -16"><span class='ocrx_word' id='word_1_55' title='bbox 604 2043 698 2114; x_wconf 88' lang='lat' dir='ltr'>patris</span> <span class='ocrx_word' id='word_1_56' title='bbox 715 2042 808 2097; x_wconf 80' lang='lat' dir='ltr'>nostri</span> <span class='ocrx_word' id='word_1_57' title='bbox 827 2041 963 2106; x_wconf 90' lang='lat' dir='ltr'>durioris,</span> <span class='ocrx_word' id='word_1_58' title='bbox 980 2041 1044 2111; x_wconf 90' lang='lat' dir='ltr'>jam</span> <span class='ocrx_word' id='word_1_59' title='bbox 1061 2039 1182 2112; x_wconf 88' lang='lat' dir='ltr'>majoris</span> <span class='ocrx_word' id='word_1_60' title='bbox 1193 2045 1291 2095; x_wconf 86' lang='lat' dir='ltr'>tractu</span> <span class='ocrx_word' id='word_1_61' title='bbox 1302 2039 1451 2111; x_wconf 90' lang='lat' dir='ltr'>temporis,</span> <span class='ocrx_word' id='word_1_62' title='bbox 1463 2037 1661 2094; x_wconf 81' lang='lat' dir='ltr'>innocentiam</span> 
     </span>
     <span class='ocr_line' id='line_1_9' title="bbox 604 2124 1662 2196; baseline -0.006 -12"><span class='ocrx_word' id='word_1_63' title='bbox 604 2133 735 2184; x_wconf 69' lang='lat' dir='ltr'>vermem</span> <span class='ocrx_word' id='word_1_64' title='bbox 752 2126 865 2182; x_wconf 89' lang='lat' dir='ltr'>caedere</span> <span class='ocrx_word' id='word_1_65' title='bbox 882 2144 941 2182; x_wconf 92' lang='lat' dir='ltr'>non</span> <span class='ocrx_word' id='word_1_66' title='bbox 959 2125 1128 2182; x_wconf 68' lang='lat' dir='ltr'><strong>cessaverit.</strong></span> <span class='ocrx_word' id='word_1_67' title='bbox 1166 2124 1347 2180; x_wconf 76' lang='lat' dir='ltr'>Conversum</span> <span class='ocrx_word' id='word_1_68' title='bbox 1366 2130 1474 2188; x_wconf 87' lang='lat' dir='ltr'>eutem,</span> <span class='ocrx_word' id='word_1_69' title='bbox 1492 2128 1523 2178; x_wconf 86' lang='lat' dir='ltr'>et</span> <span class='ocrx_word' id='word_1_70' title='bbox 1539 2128 1662 2196; x_wconf 72' lang='lat' dir='ltr'>peecata</span> 
     </span>
     <span class='ocr_line' id='line_1_10' title="bbox 507 2206 1661 2284; baseline -0.005 -15"><span class='ocrx_word' id='word_1_71' title='bbox 507 2254 509 2258; x_wconf 86' lang='lat'><em>-</em></span> <span class='ocrx_word' id='word_1_72' title='bbox 605 2212 713 2284; x_wconf 90' lang='lat' dir='ltr'>quibus</span> <span class='ocrx_word' id='word_1_73' title='bbox 731 2213 807 2268; x_wconf 90' lang='lat' dir='ltr'>iram</span> <span class='ocrx_word' id='word_1_74' title='bbox 833 2212 1006 2276; x_wconf 89' lang='lat' dir='ltr'>meruimus,</span> <span class='ocrx_word' id='word_1_75' title='bbox 1036 2228 1068 2266; x_wconf 91' lang='lat' dir='ltr'>se</span> <span class='ocrx_word' id='word_1_76' title='bbox 1095 2210 1264 2282; x_wconf 85' lang='lat' dir='ltr'>comprobat</span> <span class='ocrx_word' id='word_1_77' title='bbox 1287 2210 1450 2281; x_wconf 75' lang='lat' dir='ltr'><strong>ignoscere,</strong></span> <span class='ocrx_word' id='word_1_78' title='bbox 1476 2224 1545 2264; x_wconf 90' lang='lat' dir='ltr'>cum</span> <span class='ocrx_word' id='word_1_79' title='bbox 1571 2206 1661 2263; x_wconf 85' lang='lat' dir='ltr'>linem</span> 
     </span>
     <span class='ocr_line' id='line_1_11' title="bbox 605 2292 1659 2366; baseline -0.004 -13"><span class='ocrx_word' id='word_1_80' title='bbox 605 2297 734 2354; x_wconf 90' lang='lat' dir='ltr'>miseriis</span> <span class='ocrx_word' id='word_1_81' title='bbox 763 2297 872 2353; x_wconf 84' lang='lat' dir='ltr'>nostris</span> <span class='ocrx_word' id='word_1_82' title='bbox 902 2295 1172 2352; x_wconf 78' lang='lat' dir='ltr'>misericordiarum</span> <span class='ocrx_word' id='word_1_83' title='bbox 1200 2294 1289 2350; x_wconf 85' lang='lat' dir='ltr'>Pater</span> <span class='ocrx_word' id='word_1_84' title='bbox 1315 2295 1462 2366; x_wconf 86' lang='lat' dir='ltr'>imponere</span> <span class='ocrx_word' id='word_1_85' title='bbox 1491 2292 1659 2366; x_wconf 78' lang='lat' dir='ltr'>pollicetur.</span> 
     </span>
     <span class='ocr_line' id='line_1_12' title="bbox 436 2378 1661 2477; baseline -0.006 -38"><span class='ocrx_word' id='word_1_86' title='bbox 436 2380 742 2477; x_wconf 36' lang='lat' dir='ltr'>gnomon-Secunde</span> <span class='ocrx_word' id='word_1_87' title='bbox 764 2399 891 2453; x_wconf 88' lang='lat' dir='ltr'>namque</span> <span class='ocrx_word' id='word_1_88' title='bbox 918 2381 994 2436; x_wconf 83' lang='lat' dir='ltr'>feria</span> <span class='ocrx_word' id='word_1_89' title='bbox 1019 2386 1087 2452; x_wconf 89' lang='lat' dir='ltr'>poet</span> <span class='ocrx_word' id='word_1_90' title='bbox 1111 2379 1295 2435; x_wconf 88' lang='lat' dir='ltr'>Dominieam</span> <span class='ocrx_word' id='word_1_91' title='bbox 1319 2379 1349 2434; x_wconf 90' lang='lat' dir='ltr'>in</span> <span class='ocrx_word' id='word_1_92' title='bbox 1369 2378 1472 2434; x_wconf 80' lang='lat' dir='ltr'>Remis</span> <span class='ocrx_word' id='word_1_93' title='bbox 1489 2378 1661 2434; x_wconf 82' lang='lat' dir='ltr'>Palmamm</span> 
     </span>
     <span class='ocr_line' id='line_1_13' title="bbox 464 2446 1658 2541; baseline -0.004 -17"><span class='ocrx_word' id='word_1_94' title='bbox 464 2446 563 2541; x_wconf 51' lang='lat' dir='ltr'>symm</span> <span class='ocrx_word' id='word_1_95' title='bbox 606 2466 772 2523; x_wconf 86' lang='lat' dir='ltr'>constitutis</span> <span class='ocrx_word' id='word_1_96' title='bbox 798 2466 883 2521; x_wconf 90' lang='lat' dir='ltr'>nobis</span> <span class='ocrx_word' id='word_1_97' title='bbox 909 2466 941 2519; x_wconf 89' lang='lat' dir='ltr'>in</span> <span class='ocrx_word' id='word_1_98' title='bbox 966 2465 1124 2538; x_wconf 75' lang='lat' dir='ltr'>praesentia</span> <span class='ocrx_word' id='word_1_99' title='bbox 1150 2464 1260 2520; x_wconf 90' lang='lat' dir='ltr'>domini</span> <span class='ocrx_word' id='word_1_100' title='bbox 1284 2481 1367 2536; x_wconf 81' lang='lat' dir='ltr'>pepes</span> <span class='ocrx_word' id='word_1_101' title='bbox 1397 2470 1427 2520; x_wconf 88' lang='lat' dir='ltr'>et</span> <span class='ocrx_word' id='word_1_102' title='bbox 1456 2464 1658 2528; x_wconf 82' lang='lat' dir='ltr'>cardinalium,</span> 
     </span>
     <span class='ocr_line' id='line_1_14' title="bbox 437 2549 1661 2622; baseline 0.002 -18"><span class='ocrx_word' id='word_1_103' title='bbox 437 2559 570 2604; x_wconf 72' lang='lat' dir='ltr'>mmsnn·</span> <span class='ocrx_word' id='word_1_104' title='bbox 606 2552 721 2608; x_wconf 88' lang='lat' dir='ltr'>diutina</span> <span class='ocrx_word' id='word_1_105' title='bbox 738 2550 946 2606; x_wconf 80' lang='lat' dir='ltr'>deliberatione</span> <span class='ocrx_word' id='word_1_106' title='bbox 963 2549 1135 2622; x_wconf 84' lang='lat' dir='ltr'>praehubite,</span> <span class='ocrx_word' id='word_1_107' title='bbox 1149 2566 1281 2605; x_wconf 90' lang='lat' dir='ltr'>summus</span> <span class='ocrx_word' id='word_1_108' title='bbox 1299 2550 1429 2621; x_wconf 82' lang='lat' dir='ltr'>pontifex</span> <span class='ocrx_word' id='word_1_109' title='bbox 1447 2549 1661 2606; x_wconf 78' lang='lat' dir='ltr'>sententialiter</span> 
     </span>
     <span class='ocr_line' id='line_1_15' title="bbox 437 2611 1782 2714; baseline -0.002 -21"><span class='ocrx_word' id='word_1_110' title='bbox 437 2611 530 2714; x_wconf 52' lang='lat' dir='ltr'>{iffi-¹⁰</span> <span class='ocrx_word' id='word_1_111' title='bbox 561 2624 650 2706; x_wconf 49' lang='lat' dir='ltr'>&amp;sic</span> <span class='ocrx_word' id='word_1_112' title='bbox 678 2653 798 2692; x_wconf 81' lang='lat' dir='ltr'>exorsus</span> <span class='ocrx_word' id='word_1_113' title='bbox 829 2641 891 2689; x_wconf 83' lang='lat' dir='ltr'>est:</span> <span class='ocrx_word' id='word_1_114' title='bbox 926 2634 993 2689; x_wconf 84' lang='lat' dir='ltr'>“Si</span> <span class='ocrx_word' id='word_1_115' title='bbox 1023 2634 1183 2705; x_wconf 79' lang='lat' dir='ltr'>diligenter</span> <span class='ocrx_word' id='word_1_116' title='bbox 1211 2634 1401 2700; x_wconf 86' lang='lat' dir='ltr'>intendimus,</span> <span class='ocrx_word' id='word_1_117' title='bbox 1433 2652 1522 2691; x_wconf 85' lang='lat' dir='ltr'>cause</span> <span class='ocrx_word' id='word_1_118' title='bbox 1548 2639 1658 2699; x_wconf 76' lang='lat' dir='ltr'>reste-e,</span> <span class='ocrx_word' id='word_1_119' title='bbox 1673 2647 1782 2701; x_wconf 68' lang='lat' dir='ltr'>emme,</span> 
     </span>
     <span class='ocr_line' id='line_1_16' title="bbox 423 2703 1735 2789; baseline 0 -12"><span class='ocrx_word' id='word_1_120' title='bbox 423 2713 527 2756; x_wconf 57' lang='grc' dir='ltr'>Μ’]</span> <span class='ocrx_word' id='word_1_121' title='bbox 608 2724 627 2747; x_wconf 92' lang='grc'>“</span> <span class='ocrx_word' id='word_1_122' title='bbox 647 2721 752 2776; x_wconf 77' lang='lat' dir='ltr'>fratres</span> <span class='ocrx_word' id='word_1_123' title='bbox 777 2719 932 2783; x_wconf 80' lang='lat' dir='ltr'>carissimi,</span> <span class='ocrx_word' id='word_1_124' title='bbox 952 2736 1040 2774; x_wconf 82' lang='lat' dir='ltr'>censu</span> <span class='ocrx_word' id='word_1_125' title='bbox 1064 2719 1199 2773; x_wconf 85' lang='lat' dir='ltr'>moeroris</span> <span class='ocrx_word' id='word_1_126' title='bbox 1223 2725 1277 2780; x_wconf 90' lang='lat' dir='ltr'>est,</span> <span class='ocrx_word' id='word_1_127' title='bbox 1298 2737 1363 2789; x_wconf 78' lang='lat' dir='ltr'>qum</span> <span class='ocrx_word' id='word_1_128' title='bbox 1388 2726 1418 2775; x_wconf 88' lang='lat' dir='ltr'>et</span> <span class='ocrx_word' id='word_1_129' title='bbox 1434 2737 1486 2776; x_wconf 90' lang='lat' dir='ltr'>nos</span> <span class='ocrx_word' id='word_1_130' title='bbox 1505 2726 1535 2775; x_wconf 89' lang='lat' dir='ltr'>et</span> <span class='ocrx_word' id='word_1_131' title='bbox 1552 2721 1659 2777; x_wconf 74' lang='lat' dir='ltr'>fratres</span> <span class='ocrx_word' id='word_1_132' title='bbox 1673 2703 1735 2745; x_wconf 54' lang='grc' dir='ltr'>ω·</span> 
     </span>
    </p>
   </div>
   <div class='ocr_carea' id='block_1_5' title="bbox 437 2763 1660 2875">
    <p class='ocr_par' dir='ltr' id='par_1_5' title="bbox 437 2763 1660 2875">
     <span class='ocr_line' id='line_1_17' title="bbox 437 2763 1660 2875; baseline 0.004 -19"><span class='ocrx_word' id='word_1_133' title='bbox 437 2763 579 2857; x_wconf 52' lang='lat' dir='ltr'>“hiim</span> <span class='ocrx_word' id='word_1_134' title='bbox 608 2809 627 2832; x_wconf 89' lang='lat'>“</span> <span class='ocrx_word' id='word_1_135' title='bbox 645 2811 760 2861; x_wconf 88' lang='lat' dir='ltr'>nostroe</span> <span class='ocrx_word' id='word_1_136' title='bbox 789 2805 872 2860; x_wconf 88' lang='lat' dir='ltr'>vobis</span> <span class='ocrx_word' id='word_1_137' title='bbox 900 2804 1027 2875; x_wconf 88' lang='lat' dir='ltr'>compati</span> <span class='ocrx_word' id='word_1_138' title='bbox 1054 2804 1125 2858; x_wconf 80' lang='lat' dir='ltr'>iacit</span> <span class='ocrx_word' id='word_1_139' title='bbox 1150 2809 1180 2858; x_wconf 90' lang='lat' dir='ltr'>et</span> <span class='ocrx_word' id='word_1_140' title='bbox 1204 2802 1365 2858; x_wconf 87' lang='lat' dir='ltr'>condolere.</span> <span class='ocrx_word' id='word_1_141' title='bbox 1415 2803 1550 2860; x_wconf 85' lang='lat' dir='ltr'>Vertitur</span> <span class='ocrx_word' id='word_1_142' title='bbox 1579 2804 1660 2861; x_wconf 91' lang='lat' dir='ltr'>enim</span> 
     </span>
    </p>
   </div>
   <div class='ocr_carea' id='block_1_6' title="bbox 437 2866 1664 4994">
    <p class='ocr_par' dir='ltr' id='par_1_6' title="bbox 437 2866 1661 3045">
     <span class='ocr_line' id='line_1_18' title="bbox 437 2866 1661 2961; baseline 0.003 -18"><span class='ocrx_word' id='word_1_143' title='bbox 437 2866 557 2959; x_wconf 52' lang='lat' dir='ltr'>fflssf&#39;u‘</span> <span class='ocrx_word' id='word_1_144' title='bbox 608 2894 626 2916; x_wconf 85' lang='lat'>‘⁴</span> <span class='ocrx_word' id='word_1_145' title='bbox 646 2889 723 2944; x_wconf 88' lang='lat' dir='ltr'>inter</span> <span class='ocrx_word' id='word_1_146' title='bbox 747 2894 861 2961; x_wconf 86' lang='lat' dir='ltr'>petrem</span> <span class='ocrx_word' id='word_1_147' title='bbox 888 2894 919 2943; x_wconf 91' lang='lat' dir='ltr'>et</span> <span class='ocrx_word' id='word_1_148' title='bbox 945 2888 1030 2952; x_wconf 87' lang='lat' dir='ltr'>filios,</span> <span class='ocrx_word' id='word_1_149' title='bbox 1052 2888 1103 2959; x_wconf 88' lang='lat' dir='ltr'>qui</span> <span class='ocrx_word' id='word_1_150' title='bbox 1128 2906 1220 2943; x_wconf 89' lang='lat' dir='ltr'>unum</span> <span class='ocrx_word' id='word_1_151' title='bbox 1245 2906 1310 2943; x_wconf 88' lang='lat' dir='ltr'>esse</span> <span class='ocrx_word' id='word_1_152' title='bbox 1331 2893 1362 2943; x_wconf 91' lang='lat' dir='ltr'>et</span> <span class='ocrx_word' id='word_1_153' title='bbox 1387 2888 1464 2943; x_wconf 87' lang='lat' dir='ltr'>idem</span> <span class='ocrx_word' id='word_1_154' title='bbox 1482 2905 1535 2961; x_wconf 88' lang='lat' dir='ltr'>per</span> <span class='ocrx_word' id='word_1_155' title='bbox 1561 2891 1661 2947; x_wconf 86' lang='lat' dir='ltr'>omnia</span> 
     </span>
     <span class='ocr_line' id='line_1_19' title="bbox 608 2971 1661 3045; baseline 0 -16"><span class='ocrx_word' id='word_1_156' title='bbox 608 2977 627 3000; x_wconf 88' lang='lat'><strong>“</strong></span> <span class='ocrx_word' id='word_1_157' title='bbox 647 2973 755 3029; x_wconf 89' lang='lat' dir='ltr'>sentire</span> <span class='ocrx_word' id='word_1_158' title='bbox 770 2973 928 3038; x_wconf 75' lang='lat' dir='ltr'>deberent,</span> <span class='ocrx_word' id='word_1_159' title='bbox 947 2989 1002 3027; x_wconf 88' lang='lat' dir='ltr'>nec</span> <span class='ocrx_word' id='word_1_160' title='bbox 1013 2971 1133 3026; x_wconf 85' lang='lat' dir='ltr'>videtur</span> <span class='ocrx_word' id='word_1_161' title='bbox 1143 2989 1196 3026; x_wconf 84' lang='lat' dir='ltr'>vos</span> <span class='ocrx_word' id='word_1_162' title='bbox 1208 2976 1292 3042; x_wconf 85' lang='lat' dir='ltr'>peter</span> <span class='ocrx_word' id='word_1_163' title='bbox 1303 2977 1402 3027; x_wconf 81' lang='lat' dir='ltr'>vester</span> <span class='ocrx_word' id='word_1_164' title='bbox 1414 2972 1519 3028; x_wconf 81' lang='lat' dir='ltr'>affectu</span> <span class='ocrx_word' id='word_1_165' title='bbox 1537 2979 1661 3045; x_wconf 78' lang='lat' dir='ltr'>paterno</span> 
     </span>
    </p>

    <p class='ocr_par' dir='ltr' id='par_1_7' title="bbox 608 3057 1661 3128">
     <span class='ocr_line' id='line_1_20' title="bbox 608 3057 1661 3128; baseline 0.002 -15"><span class='ocrx_word' id='word_1_166' title='bbox 608 3062 627 3086; x_wconf 88' lang='lat'><strong>“</strong></span> <span class='ocrx_word' id='word_1_167' title='bbox 647 3065 791 3114; x_wconf 80' lang='lat' dir='ltr'>tractare:</span> <span class='ocrx_word' id='word_1_168' title='bbox 824 3057 1015 3128; x_wconf 85' lang='lat' dir='ltr'>conqueritur</span> <span class='ocrx_word' id='word_1_169' title='bbox 1039 3061 1139 3111; x_wconf 89' lang='lat' dir='ltr'>temen</span> <span class='ocrx_word' id='word_1_170' title='bbox 1167 3074 1219 3111; x_wconf 87' lang='lat' dir='ltr'>vos</span> <span class='ocrx_word' id='word_1_171' title='bbox 1249 3058 1277 3111; x_wconf 88' lang='lat' dir='ltr'>ei</span> <span class='ocrx_word' id='word_1_172' title='bbox 1307 3058 1446 3112; x_wconf 90' lang='lat' dir='ltr'>honorem</span> <span class='ocrx_word' id='word_1_173' title='bbox 1476 3057 1609 3114; x_wconf 91' lang='lat' dir='ltr'>debitum</span> <span class='ocrx_word' id='word_1_174' title='bbox 1630 3065 1661 3115; x_wconf 91' lang='lat' dir='ltr'>et</span> 
     </span>
    </p>

    <p class='ocr_par' dir='ltr' id='par_1_8' title="bbox 608 3140 1662 3215">
     <span class='ocr_line' id='line_1_21' title="bbox 608 3140 1662 3215; baseline 0.001 -17"><span class='ocrx_word' id='word_1_175' title='bbox 608 3147 626 3170; x_wconf 83' lang='lat'>‘⁴</span> <span class='ocrx_word' id='word_1_176' title='bbox 646 3142 842 3198; x_wconf 85' lang='lat' dir='ltr'>obedientium</span> <span class='ocrx_word' id='word_1_177' title='bbox 860 3159 917 3197; x_wconf 90' lang='lat' dir='ltr'>non</span> <span class='ocrx_word' id='word_1_178' title='bbox 936 3140 1082 3196; x_wconf 87' lang='lat' dir='ltr'>exhibere.</span> <span class='ocrx_word' id='word_1_179' title='bbox 1120 3140 1179 3194; x_wconf 91' lang='lat' dir='ltr'>Diu</span> <span class='ocrx_word' id='word_1_180' title='bbox 1192 3140 1311 3212; x_wconf 86' lang='lat' dir='ltr'>quidem</span> <span class='ocrx_word' id='word_1_181' title='bbox 1324 3143 1446 3197; x_wconf 89' lang='lat' dir='ltr'>stetistis</span> <span class='ocrx_word' id='word_1_182' title='bbox 1459 3143 1489 3198; x_wconf 91' lang='lat' dir='ltr'>in</span> <span class='ocrx_word' id='word_1_183' title='bbox 1503 3145 1662 3215; x_wconf 72' lang='lat' dir='ltr'>praesentia</span> 
     </span>
    </p>

    <p class='ocr_par' dir='ltr' id='par_1_9' title="bbox 608 3227 1662 3300">
     <span class='ocr_line' id='line_1_22' title="bbox 608 3227 1662 3300; baseline 0.004 -19"><span class='ocrx_word' id='word_1_184' title='bbox 608 3231 626 3254; x_wconf 91' lang='lat'>“</span> <span class='ocrx_word' id='word_1_185' title='bbox 645 3227 892 3300; x_wconf 68' lang='lat' dir='ltr'>praedeeessorum</span> <span class='ocrx_word' id='word_1_186' title='bbox 922 3230 1087 3281; x_wconf 84' lang='lat' dir='ltr'>nostrorum</span> <span class='ocrx_word' id='word_1_187' title='bbox 1118 3230 1149 3279; x_wconf 89' lang='lat' dir='ltr'>et</span> <span class='ocrx_word' id='word_1_188' title='bbox 1177 3231 1285 3290; x_wconf 88' lang='lat' dir='ltr'>nostra,</span> <span class='ocrx_word' id='word_1_189' title='bbox 1318 3243 1434 3298; x_wconf 87' lang='lat' dir='ltr'>semper</span> <span class='ocrx_word' id='word_1_190' title='bbox 1462 3228 1556 3300; x_wconf 88' lang='lat' dir='ltr'>pereti</span> <span class='ocrx_word' id='word_1_191' title='bbox 1582 3235 1662 3285; x_wconf 87' lang='lat' dir='ltr'>stare</span> 
     </span>
    </p>

    <p class='ocr_par' dir='ltr' id='par_1_10' title="bbox 608 3310 1664 3384">
     <span class='ocr_line' id='line_1_23' title="bbox 608 3310 1664 3384; baseline 0 -15"><span class='ocrx_word' id='word_1_192' title='bbox 608 3316 626 3339; x_wconf 77' lang='lat'>‘⁸</span> <span class='ocrx_word' id='word_1_193' title='bbox 643 3313 756 3384; x_wconf 89' lang='lat' dir='ltr'>judicio</span> <span class='ocrx_word' id='word_1_194' title='bbox 779 3317 888 3377; x_wconf 89' lang='lat' dir='ltr'>nostro,</span> <span class='ocrx_word' id='word_1_195' title='bbox 908 3311 1048 3365; x_wconf 87' lang='lat' dir='ltr'>hebentes</span> <span class='ocrx_word' id='word_1_196' title='bbox 1073 3310 1277 3365; x_wconf 82' lang='lat' dir='ltr'>auctoritatem</span> <span class='ocrx_word' id='word_1_197' title='bbox 1301 3317 1331 3366; x_wconf 90' lang='lat' dir='ltr'>et</span> <span class='ocrx_word' id='word_1_198' title='bbox 1353 3310 1522 3368; x_wconf 80' lang='lat' dir='ltr'>mundatum</span> <span class='ocrx_word' id='word_1_199' title='bbox 1540 3313 1664 3384; x_wconf 83' lang='lat' dir='ltr'>capituli</span> 
     </span>
    </p>

    <p class='ocr_par' dir='ltr' id='par_1_11' title="bbox 608 3394 1664 3638">
     <span class='ocr_line' id='line_1_24' title="bbox 608 3394 1664 3468; baseline 0.002 -17"><span class='ocrx_word' id='word_1_200' title='bbox 608 3401 626 3424; x_wconf 82' lang='lat'>‘⁶</span> <span class='ocrx_word' id='word_1_201' title='bbox 646 3397 747 3452; x_wconf 87' lang='lat' dir='ltr'>vestri.</span> <span class='ocrx_word' id='word_1_202' title='bbox 794 3395 854 3450; x_wconf 85' lang='lat' dir='ltr'>Sed</span> <span class='ocrx_word' id='word_1_203' title='bbox 875 3395 975 3451; x_wconf 85' lang='lat' dir='ltr'>clerici</span> <span class='ocrx_word' id='word_1_204' title='bbox 1000 3394 1099 3449; x_wconf 88' lang='lat' dir='ltr'>fratris</span> <span class='ocrx_word' id='word_1_205' title='bbox 1124 3395 1216 3449; x_wconf 88' lang='lat' dir='ltr'>nostri</span> <span class='ocrx_word' id='word_1_206' title='bbox 1241 3395 1451 3468; x_wconf 84' lang='lat' dir='ltr'>archiepiscopi</span> <span class='ocrx_word' id='word_1_207' title='bbox 1469 3397 1565 3452; x_wconf 88' lang='lat' dir='ltr'>minus</span> <span class='ocrx_word' id='word_1_208' title='bbox 1584 3398 1664 3454; x_wconf 85' lang='lat' dir='ltr'>suffi-</span> 
     </span>
     <span class='ocr_line' id='line_1_25' title="bbox 608 3479 1663 3555; baseline 0.003 -19"><span class='ocrx_word' id='word_1_209' title='bbox 608 3483 756 3536; x_wconf 86' lang='lat' dir='ltr'>“cientes</span> <span class='ocrx_word' id='word_1_210' title='bbox 784 3485 861 3544; x_wconf 89' lang='lat' dir='ltr'>sunt,</span> <span class='ocrx_word' id='word_1_211' title='bbox 889 3486 919 3535; x_wconf 89' lang='lat' dir='ltr'>et</span> <span class='ocrx_word' id='word_1_212' title='bbox 944 3479 1059 3533; x_wconf 91' lang='lat' dir='ltr'>nullum</span> <span class='ocrx_word' id='word_1_213' title='bbox 1084 3479 1252 3534; x_wconf 84' lang='lat' dir='ltr'>mundatum</span> <span class='ocrx_word' id='word_1_214' title='bbox 1278 3481 1509 3552; x_wconf 66' lang='lat' dir='ltr'>habentesque</span> <span class='ocrx_word' id='word_1_215' title='bbox 1534 3481 1586 3537; x_wconf 89' lang='lat' dir='ltr'>isti</span> <span class='ocrx_word' id='word_1_216' title='bbox 1610 3485 1663 3555; x_wconf 91' lang='lat' dir='ltr'>qui</span> 
     </span>
     <span class='ocr_line' id='line_1_26' title="bbox 608 3563 1661 3638; baseline 0.005 -19"><span class='ocrx_word' id='word_1_217' title='bbox 608 3570 805 3636; x_wconf 67' lang='lat' dir='ltr'>“praesentes</span> <span class='ocrx_word' id='word_1_218' title='bbox 830 3570 907 3629; x_wconf 86' lang='lat' dir='ltr'>sunt,</span> <span class='ocrx_word' id='word_1_219' title='bbox 930 3582 1026 3634; x_wconf 87' lang='lat' dir='ltr'>neque</span> <span class='ocrx_word' id='word_1_220' title='bbox 1052 3564 1159 3619; x_wconf 90' lang='lat' dir='ltr'>Petrus</span> <span class='ocrx_word' id='word_1_221' title='bbox 1185 3563 1237 3619; x_wconf 93' lang='lat' dir='ltr'>ille</span> <span class='ocrx_word' id='word_1_222' title='bbox 1258 3569 1289 3619; x_wconf 92' lang='lat' dir='ltr'>et</span> <span class='ocrx_word' id='word_1_223' title='bbox 1314 3566 1364 3619; x_wconf 87' lang='lat' dir='ltr'>ulii</span> <span class='ocrx_word' id='word_1_224' title='bbox 1392 3566 1441 3638; x_wconf 92' lang='lat' dir='ltr'>qui</span> <span class='ocrx_word' id='word_1_225' title='bbox 1466 3574 1661 3625; x_wconf 85' lang='lat' dir='ltr'>recesserunt.</span> 
     </span>
    </p>

    <p class='ocr_par' dir='ltr' id='par_1_12' title="bbox 608 3649 1663 3722">
     <span class='ocr_line' id='line_1_27' title="bbox 608 3649 1663 3722; baseline 0.006 -18"><span class='ocrx_word' id='word_1_226' title='bbox 608 3655 626 3676; x_wconf 74' lang='lat'>‘⁶</span> <span class='ocrx_word' id='word_1_227' title='bbox 646 3650 731 3704; x_wconf 89' lang='lat' dir='ltr'>Unde</span> <span class='ocrx_word' id='word_1_228' title='bbox 751 3650 820 3720; x_wconf 84' lang='lat' dir='ltr'>quie</span> <span class='ocrx_word' id='word_1_229' title='bbox 838 3649 1021 3720; x_wconf 76' lang='lat' dir='ltr'>adpraesens</span> <span class='ocrx_word' id='word_1_230' title='bbox 1039 3667 1088 3703; x_wconf 89' lang='lat' dir='ltr'>res</span> <span class='ocrx_word' id='word_1_231' title='bbox 1107 3649 1194 3704; x_wconf 88' lang='lat' dir='ltr'>finem</span> <span class='ocrx_word' id='word_1_232' title='bbox 1207 3649 1305 3705; x_wconf 88' lang='lat' dir='ltr'>sortiri</span> <span class='ocrx_word' id='word_1_233' title='bbox 1318 3668 1375 3704; x_wconf 88' lang='lat' dir='ltr'>nou</span> <span class='ocrx_word' id='word_1_234' title='bbox 1390 3657 1496 3722; x_wconf 87' lang='lat' dir='ltr'>potest,</span> <span class='ocrx_word' id='word_1_235' title='bbox 1510 3653 1663 3710; x_wconf 89' lang='lat' dir='ltr'>mittemus</span> 
     </span>
    </p>

    <p class='ocr_par' dir='ltr' id='par_1_13' title="bbox 609 3733 1664 3810">
     <span class='ocr_line' id='line_1_28' title="bbox 609 3733 1664 3810; baseline 0.005 -22"><span class='ocrx_word' id='word_1_236' title='bbox 609 3739 627 3760; x_wconf 91' lang='lat'>“</span> <span class='ocrx_word' id='word_1_237' title='bbox 647 3753 665 3788; x_wconf 85' lang='lat' dir='ltr'>e</span> <span class='ocrx_word' id='word_1_238' title='bbox 681 3733 773 3788; x_wconf 87' lang='lat' dir='ltr'>latere</span> <span class='ocrx_word' id='word_1_239' title='bbox 792 3741 892 3787; x_wconf 89' lang='lat' dir='ltr'>nostre</span> <span class='ocrx_word' id='word_1_240' title='bbox 904 3733 1002 3787; x_wconf 82' lang='lat' dir='ltr'>virum</span> <span class='ocrx_word' id='word_1_241' title='bbox 1015 3735 1177 3804; x_wconf 88' lang='lat' dir='ltr'>sapientem</span> <span class='ocrx_word' id='word_1_242' title='bbox 1195 3739 1224 3788; x_wconf 89' lang='lat' dir='ltr'>et</span> <span class='ocrx_word' id='word_1_243' title='bbox 1236 3733 1404 3801; x_wconf 85' lang='lat' dir='ltr'>discretum,</span> <span class='ocrx_word' id='word_1_244' title='bbox 1426 3736 1476 3806; x_wconf 90' lang='lat' dir='ltr'>qni</span> <span class='ocrx_word' id='word_1_245' title='bbox 1495 3737 1525 3790; x_wconf 93' lang='lat' dir='ltr'>in</span> <span class='ocrx_word' id='word_1_246' title='bbox 1543 3740 1664 3810; x_wconf 83' lang='lat' dir='ltr'>negotio</span> 
     </span>
    </p>

    <p class='ocr_par' dir='ltr' id='par_1_14' title="bbox 609 3817 1663 3894">
     <span class='ocr_line' id='line_1_29' title="bbox 609 3817 1663 3894; baseline 0.006 -22"><span class='ocrx_word' id='word_1_247' title='bbox 609 3822 627 3844; x_wconf 91' lang='lat'><strong>“</strong></span> <span class='ocrx_word' id='word_1_248' title='bbox 647 3825 745 3873; x_wconf 85' lang='lat' dir='ltr'>vestro</span> <span class='ocrx_word' id='word_1_249' title='bbox 760 3817 846 3888; x_wconf 84' lang='lat' dir='ltr'>juxte</span> <span class='ocrx_word' id='word_1_250' title='bbox 863 3817 1030 3871; x_wconf 76' lang='lat' dir='ltr'>mundatum</span> <span class='ocrx_word' id='word_1_251' title='bbox 1049 3825 1181 3872; x_wconf 87' lang='lat' dir='ltr'>nostrum</span> <span class='ocrx_word' id='word_1_252' title='bbox 1200 3826 1230 3873; x_wconf 91' lang='lat' dir='ltr'>et</span> <span class='ocrx_word' id='word_1_253' title='bbox 1245 3819 1367 3874; x_wconf 86' lang='lat' dir='ltr'>formem</span> <span class='ocrx_word' id='word_1_254' title='bbox 1387 3820 1443 3876; x_wconf 93' lang='lat' dir='ltr'>sibi</span> <span class='ocrx_word' id='word_1_255' title='bbox 1461 3823 1663 3894; x_wconf 72' lang='lat' dir='ltr'>praescriptum</span> 
     </span>
    </p>

    <p class='ocr_par' dir='ltr' id='par_1_15' title="bbox 609 3901 1663 3979">
     <span class='ocr_line' id='line_1_30' title="bbox 609 3901 1663 3979; baseline 0.007 -24"><span class='ocrx_word' id='word_1_256' title='bbox 609 3907 628 3929; x_wconf 93' lang='lat'>“</span> <span class='ocrx_word' id='word_1_257' title='bbox 647 3901 815 3973; x_wconf 83' lang='lat' dir='ltr'>procedet.&#39;&#39;</span> <span class='ocrx_word' id='word_1_258' title='bbox 853 3901 918 3955; x_wconf 87' lang='lat' dir='ltr'>Hoc</span> <span class='ocrx_word' id='word_1_259' title='bbox 937 3902 1016 3956; x_wconf 87' lang='lat' dir='ltr'>dicto</span> <span class='ocrx_word' id='word_1_260' title='bbox 1028 3903 1178 3967; x_wconf 86' lang='lat' dir='ltr'>conticuit,</span> <span class='ocrx_word' id='word_1_261' title='bbox 1193 3910 1223 3956; x_wconf 87' lang='lat' dir='ltr'>et</span> <span class='ocrx_word' id='word_1_262' title='bbox 1235 3921 1252 3957; x_wconf 87' lang='lat' dir='ltr'>a</span> <span class='ocrx_word' id='word_1_263' title='bbox 1264 3921 1295 3958; x_wconf 90' lang='lat' dir='ltr'>se</span> <span class='ocrx_word' id='word_1_264' title='bbox 1308 3909 1404 3975; x_wconf 80' lang='lat' dir='ltr'>partes</span> <span class='ocrx_word' id='word_1_265' title='bbox 1418 3906 1524 3960; x_wconf 89' lang='lat' dir='ltr'>emisit.</span> <span class='ocrx_word' id='word_1_266' title='bbox 1557 3906 1663 3979; x_wconf 84' lang='lat' dir='ltr'>Iteqne</span> 
     </span>
    </p>

    <p class='ocr_par' dir='ltr' id='par_1_16' title="bbox 606 3986 1664 4065">
     <span class='ocr_line' id='line_1_31' title="bbox 606 3986 1664 4065; baseline 0.004 -22"><span class='ocrx_word' id='word_1_267' title='bbox 606 3987 746 4042; x_wconf 79' lang='lat' dir='ltr'>lmtamini</span> <span class='ocrx_word' id='word_1_268' title='bbox 765 3986 795 4039; x_wconf 91' lang='lat' dir='ltr'>in</span> <span class='ocrx_word' id='word_1_269' title='bbox 815 3986 940 4040; x_wconf 88' lang='lat' dir='ltr'>Domino</span> <span class='ocrx_word' id='word_1_270' title='bbox 959 3994 989 4041; x_wconf 91' lang='lat' dir='ltr'>et</span> <span class='ocrx_word' id='word_1_271' title='bbox 1007 3987 1146 4052; x_wconf 81' lang='lat' dir='ltr'>exultate,</span> <span class='ocrx_word' id='word_1_272' title='bbox 1160 3988 1328 4044; x_wconf 88' lang='lat' dir='ltr'>nullatenus</span> <span class='ocrx_word' id='word_1_273' title='bbox 1347 3990 1512 4045; x_wconf 81' lang='lat' dir='ltr'>dubitantes</span> <span class='ocrx_word' id='word_1_274' title='bbox 1531 3991 1568 4045; x_wconf 86' lang='lat' dir='ltr'>ed</span> <span class='ocrx_word' id='word_1_275' title='bbox 1579 4009 1664 4065; x_wconf 86' lang='lat' dir='ltr'>repu-</span> 
     </span>
    </p>

    <p class='ocr_par' dir='ltr' id='par_1_17' title="bbox 437 4071 1664 4738">
     <span class='ocr_line' id='line_1_32' title="bbox 438 4071 1664 4150; baseline 0.001 -19"><span class='ocrx_word' id='word_1_276' title='bbox 438 4088 546 4150; x_wconf 67' lang='lat' dir='ltr'>Weheer</span> <span class='ocrx_word' id='word_1_277' title='bbox 606 4073 749 4128; x_wconf 81' lang='lat' dir='ltr'>rationem</span> <span class='ocrx_word' id='word_1_278' title='bbox 761 4078 889 4126; x_wconf 87' lang='lat' dir='ltr'>vestram</span> <span class='ocrx_word' id='word_1_279' title='bbox 902 4071 966 4126; x_wconf 90' lang='lat' dir='ltr'>fieri</span> <span class='ocrx_word' id='word_1_280' title='bbox 986 4073 1126 4143; x_wconf 87' lang='lat' dir='ltr'>quiequid</span> <span class='ocrx_word' id='word_1_281' title='bbox 1144 4073 1276 4128; x_wconf 87' lang='lat' dir='ltr'>futurum</span> <span class='ocrx_word' id='word_1_282' title='bbox 1289 4082 1342 4129; x_wconf 89' lang='lat' dir='ltr'>est.</span> <span class='ocrx_word' id='word_1_283' title='bbox 1378 4075 1420 4130; x_wconf 87' lang='lat' dir='ltr'>Ut</span> <span class='ocrx_word' id='word_1_284' title='bbox 1432 4081 1529 4130; x_wconf 86' lang='lat' dir='ltr'>antem</span> <span class='ocrx_word' id='word_1_285' title='bbox 1546 4076 1664 4148; x_wconf 85' lang='lat' dir='ltr'>plenius</span> 
     </span>
     <span class='ocr_line' id='line_1_33' title="bbox 437 4140 1662 4243; baseline 0.003 -31"><span class='ocrx_word' id='word_1_286' title='bbox 437 4140 568 4243; x_wconf 47' lang='lat' dir='ltr'>{2}ssth</span> <span class='ocrx_word' id='word_1_287' title='bbox 607 4156 772 4229; x_wconf 81' lang='lat' dir='ltr'>agnoscatis</span> <span class='ocrx_word' id='word_1_288' title='bbox 792 4157 869 4227; x_wconf 86' lang='lat' dir='ltr'>quod</span> <span class='ocrx_word' id='word_1_289' title='bbox 888 4156 924 4210; x_wconf 90' lang='lat' dir='ltr'>eb</span> <span class='ocrx_word' id='word_1_290' title='bbox 950 4156 1138 4211; x_wconf 76' lang='lat' dir='ltr'>amicissimis</span> <span class='ocrx_word' id='word_1_291' title='bbox 1164 4159 1272 4212; x_wconf 88' lang='lat' dir='ltr'>nostris</span> <span class='ocrx_word' id='word_1_292' title='bbox 1300 4177 1388 4230; x_wconf 89' lang='lat' dir='ltr'>super</span> <span class='ocrx_word' id='word_1_293' title='bbox 1415 4160 1461 4215; x_wconf 92' lang='lat' dir='ltr'>his</span> <span class='ocrx_word' id='word_1_294' title='bbox 1485 4161 1662 4232; x_wconf 81' lang='lat' dir='ltr'>accepimns,</span> 
     </span>
     <span class='ocr_line' id='line_1_34' title="bbox 439 4241 1664 4334; baseline 0.004 -37"><span class='ocrx_word' id='word_1_295' title='bbox 439 4242 582 4334; x_wconf 54' lang='lat' dir='ltr'>ffiffiffiff</span> <span class='ocrx_word' id='word_1_296' title='bbox 609 4243 659 4315; x_wconf 89' lang='lat' dir='ltr'>qui</span> <span class='ocrx_word' id='word_1_297' title='bbox 678 4241 837 4296; x_wconf 89' lang='lat' dir='ltr'>mittendus</span> <span class='ocrx_word' id='word_1_298' title='bbox 863 4249 908 4296; x_wconf 86' lang='lat' dir='ltr'>est</span> <span class='ocrx_word' id='word_1_299' title='bbox 932 4260 1020 4313; x_wconf 88' lang='lat' dir='ltr'>super</span> <span class='ocrx_word' id='word_1_300' title='bbox 1044 4259 1119 4296; x_wconf 84' lang='lat' dir='ltr'>nove</span> <span class='ocrx_word' id='word_1_301' title='bbox 1144 4243 1267 4297; x_wconf 81' lang='lat' dir='ltr'>ecclesie</span> <span class='ocrx_word' id='word_1_302' title='bbox 1291 4248 1321 4298; x_wconf 87' lang='lat' dir='ltr'>et</span> <span class='ocrx_word' id='word_1_303' title='bbox 1344 4244 1421 4298; x_wconf 79' lang='lat' dir='ltr'>circe</span> <span class='ocrx_word' id='word_1_304' title='bbox 1447 4245 1664 4302; x_wconf 85' lang='lat' dir='ltr'>restitutionem</span> 
     </span>
     <span class='ocr_line' id='line_1_35' title="bbox 440 4305 1663 4391; baseline 0.003 -9"><span class='ocrx_word' id='word_1_305' title='bbox 440 4305 594 4385; x_wconf 59' lang='lat' dir='ltr'>monstresis</span> <span class='ocrx_word' id='word_1_306' title='bbox 608 4346 707 4383; x_wconf 88' lang='lat' dir='ltr'>rerum</span> <span class='ocrx_word' id='word_1_307' title='bbox 726 4333 900 4391; x_wconf 82' lang='lat' dir='ltr'>vestrarum,</span> <span class='ocrx_word' id='word_1_308' title='bbox 922 4327 1082 4381; x_wconf 87' lang='lat' dir='ltr'>secundum</span> <span class='ocrx_word' id='word_1_309' title='bbox 1101 4327 1222 4381; x_wconf 77' lang='lat' dir='ltr'>sormam</span> <span class='ocrx_word' id='word_1_310' title='bbox 1242 4327 1405 4382; x_wconf 85' lang='lat' dir='ltr'>litterarum</span> <span class='ocrx_word' id='word_1_311' title='bbox 1423 4328 1533 4383; x_wconf 89' lang='lat' dir='ltr'>domini</span> <span class='ocrx_word' id='word_1_312' title='bbox 1551 4329 1663 4386; x_wconf 82' lang='lat' dir='ltr'>Urbani</span> 
     </span>
     <span class='ocr_line' id='line_1_36' title="bbox 439 4394 1663 4495; baseline 0.003 -28"><span class='ocrx_word' id='word_1_313' title='bbox 439 4394 596 4495; x_wconf 52' lang='grc' dir='ltr'>ἥοιζθῃῐὲξξζῗ·</span> <span class='ocrx_word' id='word_1_314' title='bbox 609 4414 789 4477; x_wconf 86' lang='lat' dir='ltr'>ultimarum,</span> <span class='ocrx_word' id='word_1_315' title='bbox 798 4412 863 4467; x_wconf 89' lang='lat' dir='ltr'>loco</span> <span class='ocrx_word' id='word_1_316' title='bbox 876 4413 939 4483; x_wconf 89' lang='lat' dir='ltr'>ipsu</span> <span class='ocrx_word' id='word_1_317' title='bbox 951 4412 999 4465; x_wconf 88' lang='lat' dir='ltr'>hie</span> <span class='ocrx_word' id='word_1_318' title='bbox 1014 4416 1048 4466; x_wconf 91' lang='lat' dir='ltr'>ut</span> <span class='ocrx_word' id='word_1_319' title='bbox 1060 4416 1195 4466; x_wconf 86' lang='lat' dir='ltr'>usserunt</span> <span class='ocrx_word' id='word_1_320' title='bbox 1206 4412 1359 4467; x_wconf 82' lang='lat' dir='ltr'>maledicto</span> <span class='ocrx_word' id='word_1_321' title='bbox 1373 4419 1402 4467; x_wconf 90' lang='lat' dir='ltr'>et</span> <span class='ocrx_word' id='word_1_322' title='bbox 1414 4415 1573 4483; x_wconf 87' lang='lat' dir='ltr'>profanato,</span> <span class='ocrx_word' id='word_1_323' title='bbox 1584 4416 1663 4486; x_wconf 92' lang='lat' dir='ltr'>quod</span> 
     </span>
     <span class='ocr_line' id='line_1_37' title="bbox 441 4493 1663 4587; baseline 0.002 -35"><span class='ocrx_word' id='word_1_324' title='bbox 441 4493 585 4587; x_wconf 49' lang='lat' dir='ltr'>mmm</span> <span class='ocrx_word' id='word_1_325' title='bbox 609 4498 691 4553; x_wconf 88' lang='lat' dir='ltr'>curia</span> <span class='ocrx_word' id='word_1_326' title='bbox 714 4497 846 4552; x_wconf 87' lang='lat' dir='ltr'>decrevit</span> <span class='ocrx_word' id='word_1_327' title='bbox 865 4502 894 4550; x_wconf 88' lang='lat' dir='ltr'>et</span> <span class='ocrx_word' id='word_1_328' title='bbox 913 4497 1016 4551; x_wconf 86' lang='lat' dir='ltr'>statuit</span> <span class='ocrx_word' id='word_1_329' title='bbox 1040 4501 1208 4566; x_wconf 87' lang='lat' dir='ltr'>exequetur,</span> <span class='ocrx_word' id='word_1_330' title='bbox 1228 4496 1340 4550; x_wconf 86' lang='lat' dir='ltr'>nnllam</span> <span class='ocrx_word' id='word_1_331' title='bbox 1364 4498 1518 4552; x_wconf 84' lang='lat' dir='ltr'>habiturus</span> <span class='ocrx_word' id='word_1_332' title='bbox 1537 4501 1663 4554; x_wconf 82' lang='lat' dir='ltr'>aucteri-</span> 
     </span>
     <span class='ocr_line' id='line_1_38' title="bbox 563 4578 1661 4651; baseline 0.004 -15"><span class='ocrx_word' id='word_1_333' title='bbox 563 4578 568 4588; x_wconf 67' lang='lat'>⁴</span> <span class='ocrx_word' id='word_1_334' title='bbox 609 4589 699 4637; x_wconf 83' lang='lat' dir='ltr'>tutem</span> <span class='ocrx_word' id='word_1_335' title='bbox 719 4582 799 4636; x_wconf 90' lang='lat' dir='ltr'>uliud</span> <span class='ocrx_word' id='word_1_336' title='bbox 817 4581 930 4651; x_wconf 88' lang='lat' dir='ltr'>aliquid</span> <span class='ocrx_word' id='word_1_337' title='bbox 948 4580 996 4635; x_wconf 83' lang='lat' dir='ltr'>vel</span> <span class='ocrx_word' id='word_1_338' title='bbox 1014 4580 1101 4635; x_wconf 88' lang='lat' dir='ltr'>aliter</span> <span class='ocrx_word' id='word_1_339' title='bbox 1119 4599 1206 4651; x_wconf 85' lang='lat' dir='ltr'>quum</span> <span class='ocrx_word' id='word_1_340' title='bbox 1225 4581 1252 4634; x_wconf 86' lang='lat' dir='ltr'>ei</span> <span class='ocrx_word' id='word_1_341' title='bbox 1271 4587 1399 4635; x_wconf 64' lang='lat' dir='ltr'>tutatum</span> <span class='ocrx_word' id='word_1_342' title='bbox 1419 4583 1510 4637; x_wconf 86' lang='lat' dir='ltr'>suerit</span> <span class='ocrx_word' id='word_1_343' title='bbox 1524 4583 1661 4640; x_wconf 80' lang='lat' dir='ltr'>faciendi.</span> 
     </span>
     <span class='ocr_line' id='line_1_39' title="bbox 610 4665 1662 4738; baseline 0.005 -19"><span class='ocrx_word' id='word_1_344' title='bbox 610 4667 765 4738; x_wconf 83' lang='lat' dir='ltr'>Dirigetur</span> <span class='ocrx_word' id='word_1_345' title='bbox 789 4684 860 4720; x_wconf 88' lang='lat' dir='ltr'>vero</span> <span class='ocrx_word' id='word_1_346' title='bbox 884 4685 902 4720; x_wconf 87' lang='lat' dir='ltr'>u</span> <span class='ocrx_word' id='word_1_347' title='bbox 925 4666 1015 4720; x_wconf 84' lang='lat' dir='ltr'>latere</span> <span class='ocrx_word' id='word_1_348' title='bbox 1039 4665 1151 4720; x_wconf 90' lang='lat' dir='ltr'>domini</span> <span class='ocrx_word' id='word_1_349' title='bbox 1174 4684 1266 4736; x_wconf 80' lang='lat' dir='ltr'>popm,</span> <span class='ocrx_word' id='word_1_350' title='bbox 1288 4667 1357 4736; x_wconf 86' lang='lat' dir='ltr'>quia</span> <span class='ocrx_word' id='word_1_351' title='bbox 1381 4685 1458 4738; x_wconf 77' lang='lat' dir='ltr'>stupe</span> <span class='ocrx_word' id='word_1_352' title='bbox 1480 4674 1510 4722; x_wconf 88' lang='lat' dir='ltr'>et</span> <span class='ocrx_word' id='word_1_353' title='bbox 1536 4670 1662 4726; x_wconf 87' lang='lat' dir='ltr'>multum</span> 
     </span>
    </p>

    <p class='ocr_par' dir='ltr' id='par_1_18' title="bbox 608 4751 1664 4994">
     <span class='ocr_line' id='line_1_40' title="bbox 609 4751 1663 4827; baseline 0.005 -22"><span class='ocrx_word' id='word_1_354' title='bbox 609 4753 636 4805; x_wconf 82' lang='lat' dir='ltr'>ei</span> <span class='ocrx_word' id='word_1_355' title='bbox 656 4751 869 4822; x_wconf 82' lang='lat' dir='ltr'>suggessimus,</span> <span class='ocrx_word' id='word_1_356' title='bbox 890 4751 1019 4821; x_wconf 82' lang='lat' dir='ltr'>aliquem</span> <span class='ocrx_word' id='word_1_357' title='bbox 1032 4751 1083 4820; x_wconf 90' lang='lat' dir='ltr'>qui</span> <span class='ocrx_word' id='word_1_358' title='bbox 1101 4751 1157 4804; x_wconf 86' lang='lat' dir='ltr'>hoo</span> <span class='ocrx_word' id='word_1_359' title='bbox 1176 4751 1331 4805; x_wconf 85' lang='lat' dir='ltr'>efficaciter</span> <span class='ocrx_word' id='word_1_360' title='bbox 1343 4759 1503 4823; x_wconf 78' lang='lat' dir='ltr'>exequetur</span> <span class='ocrx_word' id='word_1_361' title='bbox 1521 4753 1552 4808; x_wconf 86' lang='lat' dir='ltr'>in</span> <span class='ocrx_word' id='word_1_362' title='bbox 1571 4774 1663 4827; x_wconf 82' lang='lat' dir='ltr'>regno</span> 
     </span>
     <span class='ocr_line' id='line_1_41' title="bbox 608 4834 1663 4910; baseline 0.005 -20"><span class='ocrx_word' id='word_1_363' title='bbox 608 4837 772 4907; x_wconf 85' lang='lat' dir='ltr'>Anglornm</span> <span class='ocrx_word' id='word_1_364' title='bbox 790 4835 916 4889; x_wconf 83' lang='lat' dir='ltr'>inveniri</span> <span class='ocrx_word' id='word_1_365' title='bbox 933 4853 991 4888; x_wconf 87' lang='lat' dir='ltr'>non</span> <span class='ocrx_word' id='word_1_366' title='bbox 1009 4852 1104 4904; x_wconf 85' lang='lat' dir='ltr'>posse.</span> <span class='ocrx_word' id='word_1_367' title='bbox 1143 4834 1214 4903; x_wconf 82' lang='lat' dir='ltr'>Quis</span> <span class='ocrx_word' id='word_1_368' title='bbox 1239 4841 1336 4891; x_wconf 81' lang='lat' dir='ltr'>eutem</span> <span class='ocrx_word' id='word_1_369' title='bbox 1361 4837 1387 4890; x_wconf 90' lang='lat' dir='ltr'>is</span> <span class='ocrx_word' id='word_1_370' title='bbox 1413 4838 1460 4897; x_wconf 85' lang='lat' dir='ltr'>sit.</span> <span class='ocrx_word' id='word_1_371' title='bbox 1482 4845 1531 4892; x_wconf 87' lang='lat' dir='ltr'>unt</span> <span class='ocrx_word' id='word_1_372' title='bbox 1551 4858 1617 4910; x_wconf 81' lang='lat' dir='ltr'>qum</span> <span class='ocrx_word' id='word_1_373' title='bbox 1636 4843 1663 4895; x_wconf 87' lang='lat' dir='ltr'>ei</span> 
     </span>
     <span class='ocr_line' id='line_1_42' title="bbox 609 4919 1664 4994; baseline 0.007 -21"><span class='ocrx_word' id='word_1_374' title='bbox 609 4920 789 4991; x_wconf 84' lang='lat' dir='ltr'>injungenda</span> <span class='ocrx_word' id='word_1_375' title='bbox 807 4921 901 4974; x_wconf 83' lang='lat' dir='ltr'>forme</span> <span class='ocrx_word' id='word_1_376' title='bbox 917 4919 1055 4982; x_wconf 87' lang='lat' dir='ltr'>mundati,</span> <span class='ocrx_word' id='word_1_377' title='bbox 1075 4920 1211 4984; x_wconf 90' lang='lat' dir='ltr'>nondum,</span> <span class='ocrx_word' id='word_1_378' title='bbox 1227 4938 1293 4975; x_wconf 86' lang='lat' dir='ltr'>enm</span> <span class='ocrx_word' id='word_1_379' title='bbox 1312 4923 1415 4976; x_wconf 87' lang='lat' dir='ltr'>hurum</span> <span class='ocrx_word' id='word_1_380' title='bbox 1434 4923 1550 4994; x_wconf 84' lang='lat' dir='ltr'>bajulus</span> <span class='ocrx_word' id='word_1_381' title='bbox 1570 4926 1664 4980; x_wconf 85' lang='lat' dir='ltr'>exiret</span> 
     </span>
    </p>
   </div>
   <div class='ocr_carea' id='block_1_7' title="bbox 609 5004 1662 5080">
    <p class='ocr_par' dir='ltr' id='par_1_19' title="bbox 609 5004 1662 5080">
     <span class='ocr_line' id='line_1_43' title="bbox 609 5004 1662 5080; baseline 0.006 -21"><span class='ocrx_word' id='word_1_382' title='bbox 609 5026 625 5059; x_wconf 89' lang='lat' dir='ltr'>a</span> <span class='ocrx_word' id='word_1_383' title='bbox 643 5007 736 5070; x_wconf 92' lang='lat' dir='ltr'>nobis,</span> <span class='ocrx_word' id='word_1_384' title='bbox 756 5006 891 5061; x_wconf 86' lang='lat' dir='ltr'>innotuit.</span> <span class='ocrx_word' id='word_1_385' title='bbox 929 5004 1021 5060; x_wconf 90' lang='lat' dir='ltr'>Vobis</span> <span class='ocrx_word' id='word_1_386' title='bbox 1047 5022 1118 5060; x_wconf 83' lang='lat' dir='ltr'>vero</span> <span class='ocrx_word' id='word_1_387' title='bbox 1144 5006 1241 5061; x_wconf 86' lang='lat' dir='ltr'>omniu</span> <span class='ocrx_word' id='word_1_388' title='bbox 1267 5013 1335 5063; x_wconf 86' lang='lat' dir='ltr'>uota</span> <span class='ocrx_word' id='word_1_389' title='bbox 1363 5008 1433 5066; x_wconf 87' lang='lat' dir='ltr'>fient</span> <span class='ocrx_word' id='word_1_390' title='bbox 1460 5027 1547 5080; x_wconf 86' lang='lat' dir='ltr'>quem</span> <span class='ocrx_word' id='word_1_391' title='bbox 1574 5010 1662 5065; x_wconf 85' lang='lat' dir='ltr'>citius</span> 
     </span>
    </p>
   </div>
   <div class='ocr_carea' id='block_1_8' title="bbox 0 0 2110 6388">
    <p class='ocr_par' dir='ltr' id='par_1_20' title="bbox 0 0 2110 6388">
     <span class='ocr_line' id='line_1_44' title="bbox 0 0 2110 6388; baseline 0 0"><span class='ocrx_word' id='word_1_392' title='bbox 0 0 2110 6388; x_wconf 95' lang='lat' dir='ltr'> </span> 
     </span>
    </p>
   </div>
  </div>
 </body>
</html>
