4192 6392
775 1208 935 1259 ransom
957 1207 1188 1287 satrapeam.
1451 1198 1492 1262 95

440 1379 491 1450 qui
503 1385 623 1452 propter
634 1379 724 1435 aliam
735 1396 854 1436 causam
866 1387 1087 1452 praecesserant,
1107 1399 1175 1438 enm
1187 1381 1294 1437 litteris
1306 1379 1475 1450 hujusmodi
1486 1401 1494 1443 ς
1525 1391 1580 1436 an.
1589 1394 1648 1438 1187.

442 1466 461 1493 “
475 1463 601 1520 Domino
612 1463 687 1536 regi,
699 1471 766 1530 etc„
780 1470 937 1521 conventus
948 1465 1175 1531 cantuariensis
1189 1465 1309 1520 humilis
1323 1470 1352 1518 ct
1361 1464 1494 1528 afflictus,
1516 1443 1656 1495 mmm·

442 1549 461 1575 “
480 1548 613 1603 salutem.
651 1548 833 1619 suggestum
856 1555 901 1605 ast
919 1550 1011 1614 vobis,
1031 1551 1109 1606 sieut
1127 1548 1322 1621 accepimus,''
1343 1553 1373 1602 at
1394 1566 1492 1618 etipsa,
1507 1517 1665 1621 pppltprngter

439 1636 469 1686 et
485 1636 599 1688 coewra.
637 1633 695 1687 His
708 1633 825 1699 auditis,
838 1634 997 1705 respoudit,
1012 1652 1043 1689 so
1056 1635 1203 1690 neminem
1215 1638 1346 1689 nostrum
1364 1649 1492 1696 vocasse,
1507 1618 1608 1663 Noua

438 1716 512 1771 nihil
540 1717 599 1772 tale
629 1716 665 1771 de
690 1717 774 1772 vobis
792 1710 974 1788 suspicasse,
1005 1719 1080 1774 nihil
1105 1719 1203 1790 egisse
1234 1724 1335 1773 contra
1360 1735 1413 1772 uos
1444 1721 1638 1781 ausaausa

439 1800 602 1872 scripsisse.
639 1800 803 1856 Ecclesiam
821 1802 904 1856 illam
922 1821 1027 1857 novam
1046 1803 1143 1857 minus
1162 1820 1232 1858 sano
1250 1801 1371 1857 consilio
1394 1802 1492 1872 incep·
1506 1790 1650 1878 ffiffiffiff

439 1890 498 1940 mm
519 1902 594 1949 esse,
614 1890 643 1939 et
654 1884 751 1939 Deum
769 1884 800 1939 in
819 1904 853 1941 eo
871 1892 966 1957 coepto
984 1905 1042 1942 uon
1062 1887 1163 1952 luisse,
1182 1894 1212 1942 et
1230 1903 1262 1942 se
1281 1885 1401 1956 quidem
1420 1884 1494 1940 dixit
1506 1880 1653 1975 ῗὲἓιξιῑὲξεὲξι

440 1986 592 2025 assensum
628 1968 745 2024 dedisse
780 1975 815 2025 ut
850 1969 940 2034 fieret,
977 1971 1029 2025 sed
1059 1971 1215 2026 consilium
1251 1987 1419 2040 uunquam
1457 1970 1599 2032 demara-

440 2053 637 2108 msneriorum
666 2071 737 2108 vero
762 2053 912 2109 invasione
939 2056 1127 2110 vehementer
1151 2056 1233 2111 visus
1264 2060 1310 2109 est
1340 2053 1490 2109 admirari.
1506 2032 1599 2076 trimos.

439 2137 513 2191 Hac
531 2136 628 2191 omnia
644 2137 727 2192 uobis
745 2138 849 2193 rotulit
866 2139 957 2193 frater
975 2138 1142 2194 Alexander
1161 2139 1196 2193 de
1219 2138 1319 2194 Dovra
1338 2138 1428 2192 citius
1456 2137 1493 2192 ad

440 2238 492 2276 uos
509 2237 647 2276 reversus
671 2227 791 2292 propter
817 2222 1018 2278 infirmitatem
1036 2241 1096 2293 qua
1112 2222 1343 2288 molestabatur;
1369 2221 1492 2292 reliquis

440 2305 533 2360 tribus
552 2304 663 2360 relictis
681 2306 712 2359 in
730 2306 919 2369 Normannia,
939 2314 974 2361 ut
998 2312 1107 2362 statum
1124 2312 1257 2362 nostrum
1285 2307 1315 2360 in
1341 2306 1450 2361 talibus
1475 2324 1493 2361 a

440 2388 557 2444 domino
574 2407 645 2460 rege
663 2394 857 2460 reposcerent.
895 2389 974 2458 Quid
996 2389 1112 2445 multa?
1149 2390 1185 2445 In
1210 2390 1365 2461 prasentia
1382 2389 1491 2444 domini
1504 2402 1627 2448 rhonch-

441 2473 520 2544 regis
532 2480 563 2528 et
580 2473 691 2528 domiui
702 2474 914 2545 archiepiscopi
927 2474 1086 2538 constituti,
1101 2480 1130 2529 et
1147 2492 1302 2545 procerum
1319 2475 1489 2539 multorum,
1504 2453 1643 2557 ῗῇζὴὲᾗὲῃᾱ

441 2573 507 2612 eum
525 2557 659 2628 inquisiti
678 2575 766 2628 super
783 2558 884 2612 multis
904 2556 1055 2629 eleganter
1069 2566 1100 2614 et
1117 2566 1201 2614 caute
1219 2559 1446 2631 respondissent,
1466 2559 1492 2614 si
1504 2556 1666 2650 ffiffilm0po

442 2639 541 2696 fideles
559 2641 641 2697 verbi
661 2642 707 2696 sui
726 2648 795 2697 sunt
811 2641 962 2705 relatores,
983 2641 1020 2695 ad
1044 2642 1099 2696 hoc
1118 2640 1235 2697 tandem
1253 2643 1387 2712 perducti
1413 2649 1491 2707 sunt,
1506 2657 1643 2700 moeivethe

442 2723 558 2779 domim
581 2742 654 2796 roge
673 2730 848 2796 procurante
867 2730 897 2779 et
914 2742 1016 2796 pacem
1037 2730 1208 2796 perpetuam
1226 2725 1258 2779 in
1275 2726 1409 2782 omuibus
1427 2744 1494 2797 pro·
1505 2705 1632 2800 fflffiflf

442 2807 581 2874 mittente,
613 2814 646 2863 ut
675 2809 805 2864 maneria
834 2815 935 2865 nostra
963 2809 1000 2863 de
1027 2827 1115 2864 manu
1145 2808 1256 2864 domini
1282 2809 1494 2880 archiepiscopi
1506 2807 1654 2900 gfffflfflt

442 2892 614 2963 reciperent,
634 2892 671 2947 ad
698 2911 771 2963 opus
798 2892 890 2948 trium
916 2892 1203 2957 obedientiariorum,
1224 2893 1378 2957 cellararii,
1399 2910 1493 2948 eame-
1506 2907 1651 2961 amhbshop.

442 2975 522 3040 rarii,
543 2981 574 3030 ct
590 2976 730 3032 sacristis.
769 2975 914 3031 Dominus
933 2975 1069 3047 Rogerus
1097 2976 1244 3031 cellerarii
1263 2993 1364 3032 eurem
1382 2975 1496 3047 accepit

444 3062 473 3113 et
488 3076 596 3115 nomen
619 3060 776 3116 cellerarii.
815 3059 889 3114 Haeo
906 3077 974 3115 eum
1000 3059 1038 3119 ad
1058 3077 1112 3114 uos
1130 3059 1309 3124 retulissent,
1329 3066 1360 3115 et
1382 3060 1495 3116 litteras

443 3160 530 3214 super
560 3142 615 3199 hoo
644 3144 762 3200 domiuo
789 3143 910 3198 Rofensi
940 3148 970 3198 et
993 3143 1137 3214 magistro
1161 3142 1297 3208 Redulfo,
1325 3143 1496 3200 officialibus

443 3225 553 3283 domini
576 3228 799 3299 archiepiscopi,
824 3227 908 3282 nobis
933 3227 1139 3292 ostendissent,
1166 3227 1347 3282 inhibuimus
1371 3245 1407 3282 ne
1432 3245 1498 3297 pos·
1534 3252 1638 3296 som,

444 3312 588 3367 sessiones
623 3318 739 3367 nostras
778 3310 1014 3381 ingrederentur,
1047 3327 1100 3365 nec
1132 3316 1233 3366 contra
1266 3310 1423 3381 privilegis
1449 3310 1497 3366 vel
1509 3324 1556 3367 The
1565 3328 1663 3368 convent

444 3395 682 3451 consuetudinem
702 3396 834 3451 ecelesiae
859 3394 972 3465 aliquid
999 3400 1132 3465 egerent,
1152 3393 1200 3449 vel
1226 3393 1283 3450 sibi
1308 3400 1493 3465 usurparent,
1507 3376 1633 3469 ,ᾟῖῗὲῃω

443 3484 471 3534 et
487 3480 708 3551 adquieverunt.
747 3479 873 3534 Litteras
898 3485 996 3533 autern
1016 3496 1089 3549 quas
1107 3478 1229 3533 miserat
1247 3477 1493 3549 archiepiscopus,
1507 3475 1665 3525 thamnata

444 3563 527 3633 qussi
556 3582 608 3634 pro
629 3564 713 3619 robis
732 3563 871 3634 signatas,
900 3580 967 3619 cum
992 3563 1107 3617 nullum
1134 3580 1236 3617 earum
1253 3561 1395 3617 haberent
1418 3526 1621 3629 tran-liiiiat
1640 3538 1661 3620 or

443 3648 636 3718 scriptumst
655 3648 698 3703 uti
716 3649 869 3710 vellemus,
882 3647 914 3701 iu
932 3646 1061 3718 capitulo
1079 3648 1222 3717 fregimus
1242 3652 1271 3701 et
1289 3664 1389 3701 earum
1401 3664 1495 3702 exem·
1507 3628 1670 3730 {fiffiffib

443 3731 507 3802 pler
523 3732 607 3786 vobis
624 3732 811 3788 destinamus.
850 3731 1000 3802 Rogerum
1018 3747 1088 3786 vero
1107 3729 1252 3800 quondam
1270 3729 1494 3795 thesaurarium,
1508 3729 1663 3821 ffljffifftss

443 3816 624 3887 primipilum
651 3824 680 3870 et
706 3817 794 3872 totius
813 3815 932 3871 sceleris
949 3820 1178 3886 procuratorem,
1201 3813 1237 3869 ab
1257 3814 1350 3869 officio
1372 3833 1425 3870 suo
1449 3815 1647 3889 dearchbahpp

445 3899 569 3968 positum
588 3899 728 3954 custodias
750 3900 955 3971 deputavimus
981 3898 1109 3962 arctiori,
1130 3896 1280 3953 claustrali
1307 3902 1423 3964 tamen3
1452 3879 1660 3954 samm

445 3982 537 4038 erista
556 3983 672 4038 reniam
689 3982 789 4037 dantes
809 3982 879 4053 quia
897 3982 1034 4052 ignoraus
1055 3981 1124 4035 feeit
1143 3987 1171 4034 et
1189 3980 1332 4052 condigno
1349 3982 1495 4053 poeuituit.

445 4064 628 4121 Camerarius
656 4067 786 4120 maneria
812 4066 942 4136 recipere
967 4082 1025 4118 non
1053 4063 1212 4134 adquievit.
1262 4065 1413 4120 Noveritis
1443 4083 1496 4120 nos

445 4149 485 4204 eis
504 4150 534 4204 in
551 4150 763 4205 Normanniam
783 4150 896 4204 litteras
915 4148 1032 4203 misisse
1050 4147 1141 4212 tales;
1158 4150 1177 4174 “
1188 4147 1347 4203 Gausridus
1361 4150 1497 4220 supprior
1509 4170 1541 4214 00
1556 4173 1626 4224 yos,

445 4235 462 4258 ‘¹
481 4240 511 4290 et
526 4240 685 4291 conventus
699 4233 830 4289 eeclesias
843 4232 958 4288 Christiv
967 4230 1196 4298 cantuariensis,
1211 4231 1338 4287 Roberto
1355 4233 1493 4297 sacristae,
1508 4221 1648 4324 mm,

445 4319 463 4342 ‘'
481 4323 511 4373 et
528 4318 646 4390 Rogero
663 4317 854 4382 thesaurario,
874 4314 1041 4371 Alexandro
1067 4321 1098 4371 et
1122 4314 1158 4368 R.
1188 4316 1349 4382 monachis,
1370 4316 1495 4373 salutem
1507 4325 1645 4367 venatoriis

445 4402 463 4427 ‘¹
484 4406 514 4457 et
532 4401 729 4459 dilectionem.
767 4400 924 4456 Transiens
942 4416 1067 4471 paruos
1086 4398 1220 4455 dominus
1246 4400 1492 4472 archiepiscopus,
1506 4384 1648 4467 fflssm

446 4487 463 4512 ‘¹
482 4503 550 4541 eum
564 4486 777 4551 transfretaret,
793 4484 908 4543 saisivit
920 4483 1052 4539 maneria
1063 4489 1163 4539 nostra
1175 4489 1205 4539 et
1217 4483 1322 4539 obtulit
1342 4484 1494 4540 cellarario
1506 4474 1646 4577 &fflicffilsslgy

446 4571 463 4595 ‘⁴
482 4577 512 4627 at
540 4571 710 4637 camerario,
739 4576 774 4626 ut
800 4587 835 4625 ea
860 4586 925 4640 quse
953 4567 1098 4641 quondam
1126 4567 1163 4623 ad
1188 4585 1290 4623 eorum
1316 4568 1597 4635 obedientiastreroe

446 4655 464 4680 ‘⁴
482 4654 629 4728 pertinere
651 4654 774 4718 dicebat,
793 4654 829 4709 ab
849 4670 882 4708 eo
900 4653 1075 4725 reciperent,
1096 4651 1124 4706 ei
1152 4652 1321 4707 fidelitatem
1340 4654 1446 4709 facturi
1465 4659 1494 4708 et
1505 4625 1635 4736 mitiis

448 4739 465 4765 ¹⁴
483 4740 661 4812 responsuri.
699 4738 763 4811 Ipsi
789 4756 860 4794 vero
885 4738 963 4793 siout
981 4738 1086 4792 tratres
1104 4735 1270 4792 fidelissimi
1282 4737 1494 4809 responderunt
1505 4726 1659 4821 {iffae

449 4822 467 4848 ‘⁸
485 4840 517 4879 so
534 4822 714 4878 obedientias
732 4821 799 4876 illas
818 4826 934 4894 paratos
954 4837 1028 4885 esse,
1043 4820 1121 4876 sicut
1138 4819 1278 4875 hacteuus
1291 4821 1429 4887 fecerant,
1444 4820 1493 4877 ad·
1505 4827 1619 4869 thearch-

451 4906 468 4930 “
486 4906 664 4971 ministrare,
685 4905 737 4962 sed
754 4911 855 4962 contra
880 4903 1120 4960 consuetudinem
1138 4902 1270 4959 ecclesiae
1289 4910 1319 4960 et
1336 4904 1494 4975 privilegia
1505 4875 1638 4982 liffivp)

450 4988 695 5047 “nihilomnino
718 5005 817 5061 agere.
854 4987 1029 5045 Mandemus
1047 4986 1147 5058 itaque
1174 4987 1267 5051 vobis,
1294 4994 1325 5043 et
1351 5004 1386 5042 ex
1411 4994 1495 5059 parte

451 5074 468 5100 ‘⁴
486 5074 577 5133 totim
590 5073 712 5147 capituli
730 5072 927 5147 precipimus,
942 5070 1077 5144 quamvis
1089 5088 1148 5129 nen
1159 5070 1286 5129 multum
1297 5071 1496 5130 necessarium
