4192 6392
456 1792 730 1886 EPISTOLAE
768 1797 981 1890 Palosis
1020 1800 1087 1889 ET
1127 1797 1444 1890 CONTENTUS

729 1945 1183 2058 cantuariensis,

532 2180 738 2256 TEMPORE
773 2184 1029 2259 BALDEWINI
1065 2186 1118 2258 ET
1155 2185 1356 2259 HUBERTI

722 2312 1186 2387 ARCHIEPISCOPOEUM.

776 2619 917 2684 LIBER
949 2620 1132 2686 PRIMUS.

424 2901 621 2969 Ummsrs
648 2910 862 2970 sacrosanctae
886 2906 1136 2971 Cantuariensis
1168 2905 1311 2970 ecclesiae
1340 2903 1418 2968 filiis
1441 2909 1476 2969 et
1536 2934 1594 2978 (0.1,

423 3005 591 3083 frutribus,
611 3008 718 3072 vitam
748 3009 962 3073 monasticam
994 3008 1157 3094 professis,
1182 3013 1217 3072 et
1248 3008 1284 3070 in
1314 3006 1474 3085 futurum,

423 3106 569 3173 Domina
601 3110 745 3186 favente,
768 3110 970 3195 professuris,
989 3111 1125 3195 quidam
1156 3108 1304 3195 ejusdem
1333 3107 1475 3173 ecclesiae

423 3209 512 3274 filius
527 3216 562 3275 et
577 3211 834 3277 tribulationum
850 3212 956 3278 socius
970 3213 1122 3291 salutern,
1140 3216 1174 3276 et
1190 3233 1305 3276 sereno
1321 3215 1471 3296 tempore

424 3314 611 3379 meminisse
634 3315 785 3379 nubilosi.

470 3415 591 3480 Rerum
614 3422 780 3503 gestarum
804 3417 933 3493 notitia,
959 3422 993 3480 et
1016 3438 1055 3481 ea
1078 3437 1152 3502 quae
1174 3420 1410 3503 praecesserunt
1439 3414 1628 3482 inassum-

425 3518 554 3582 saeculis
577 3541 649 3604 quae
670 3519 806 3583 fuerunt
828 3525 906 3584 ante
930 3541 997 3597 nos,
1022 3518 1120 3583 nobis
1145 3517 1348 3605 jampridem
1370 3519 1473 3605 longa
1486 3488 1644 3588 maffi-

423 3619 563 3684 fuissent
593 3620 759 3685 oblivione
794 3623 931 3707 sepulta,
955 3626 989 3685 et
1012 3643 1088 3685 cum
1112 3626 1259 3706 tempore
1281 3626 1474 3686 transeunte
1486 3590 1629 3683 lffilt

421 3723 686 3807 pertransissent
711 3724 775 3787 nisi
802 3724 1061 3809 praecedentium
1084 3723 1263 3808 prudentia
1284 3723 1475 3809 posteritati
1486 3688 1606 3783 tibilim

420 3844 490 3888 sum
527 3823 665 3889 litterali
710 3825 867 3890 beneficio
913 3825 1161 3911 prospexisset3
1209 3826 1377 3911 ipsamque
1422 3827 1475 3890 sui

420 3926 584 4012 originem
607 3928 704 3991 homo
727 3929 903 4014 ignoraret,
927 3928 991 3991 nisi
1027 3927 1150 4013 scripta
1182 3927 1355 3992 hominum
1378 3929 1475 3992 viva

422 4028 509 4092 ciora
541 4051 639 4114 quam
662 4051 804 4116 corpora,
827 4029 949 4094 future
984 4029 1190 4115 corruptioni
1221 4030 1474 4096 consuluissent.
1594 4034 1597 4039 ’

422 4129 507 4196 Coeli
523 4137 558 4195 et
580 4137 686 4207 terne,
701 4132 871 4196 hominum
895 4136 930 4196 ct
952 4133 1144 4218 angelorum
1168 4132 1378 4209 creationem,
1393 4132 1475 4197 lucis

420 4240 455 4298 et
478 4233 689 4299 tenebrarum
712 4234 917 4311 divisionem,
942 4256 1105 4319 aquarum
1128 4235 1171 4299 ab
1195 4235 1289 4300 arida
1318 4235 1477 4321 separati·

419 4356 517 4401 onem
539 4342 574 4401 et
596 4343 715 4404 caetera
736 4359 810 4422 quae
833 4337 910 4402 fecit
934 4335 1025 4401 Deus
1048 4337 1145 4402 valde
1168 4336 1264 4414 bona,
1290 4341 1343 4402 tot
1373 4357 1476 4401 anno-

419 4460 496 4503 rum
510 4439 656 4505 millibus
674 4440 745 4524 jam
761 4439 887 4524 elapsis,
904 4439 978 4524 quis
1000 4439 1054 4504 vel
1081 4439 1179 4503 hodie
1207 4439 1394 4516 somniaret,
1411 4439 1476 4503 nisi

420 4548 636 4607 monumenta
668 4543 906 4629 scripturarum
937 4541 1153 4608 mortalitatis
1184 4547 1305 4606 nostrae
1331 4542 1475 4607 defectui

418 4643 642 4720 subvenirent,
666 4649 701 4709 et
722 4649 871 4709 nostrum
895 4642 1085 4730 supplentes
1108 4642 1280 4723 defectum,
1304 4644 1473 4730 praeterita

418 4745 514 4830 quasi
537 4748 712 4832 praesentia
735 4747 900 4813 memoriae
924 4751 1046 4813 nostrae
1070 4745 1322 4811 ministrarent?

466 4847 554 4912 Hinc
577 4854 629 4914 est
662 4850 751 4935 quod
774 4849 817 4913 ad
847 4849 1036 4913 futurorum
1067 4870 1134 4913 non
1166 4847 1273 4913 solum
1303 4850 1469 4925 notitiam,
1482 4874 1622 4921 rhem„

416 4971 535 5014 verum
574 4951 674 5015 etiam
713 4956 748 5016 et
785 4951 828 5015 ad
866 4951 1038 5027 cautelam,
1072 4972 1111 5014 ea
1149 4971 1224 5035 quae
1259 4954 1357 5037 gesta
1391 4928 1642 5023 sunttff'ne'iiii'en

416 5056 566 5137 tempore
588 5051 825 5129 tribulationis,
841 5074 914 5138 quae
929 5074 988 5140 per
1010 5074 1115 5117 annos
1139 5052 1268 5117 circiter
1282 5051 1470 5138 quindecim
1481 5027 1607 5131 pppyapcer·

418 5154 454 5217 in
489 5152 625 5218 eeclesia
648 5154 881 5224 cantuariensi
915 5155 1061 5234 duravit,
1092 5154 1171 5220 huic
1204 5146 1294 5240 operi
1329 5155 1471 5222 inserere

511 5270 586 5321 VOL.
610 5272 645 5319 ll.
1313 5272 1335 5320 A
