4192 6392
611 1163 653 1227 38
894 1172 1068 1222 arisroura
1090 1171 1378 1238 clarummane,
1460 1172 1464 1179 ·

460 1356 513 1401 un.
523 1360 580 1405 11⁸7.
612 1347 707 1418 Super
725 1344 852 1417 negotiis
865 1345 973 1400 nostris
994 1363 1059 1415 qum
1078 1362 1131 1416 pro
1149 1351 1232 1416 parte
1244 1362 1298 1416 per
1311 1347 1366 1402 Dei
1385 1345 1512 1419 gratiam
1524 1350 1665 1420 perfecte,

479 1408 545 1461 ω’·
611 1436 645 1487 ut
662 1430 819 1494 oredimus,
840 1434 909 1485 sunt
928 1428 1045 1485 effectui
1064 1429 1237 1500 mancipata,
1258 1430 1321 1486 Deo
1340 1431 1452 1501 gratias
1470 1432 1617 1501 referatis,
1637 1439 1668 1495 ot

611 1520 644 1570 ut
662 1532 697 1571 sa
714 1532 780 1585 quaa
798 1518 912 1569 restant
923 1512 1056 1569 debitum
1074 1518 1291 1585 consequantur
1309 1515 1456 1580 effectum,
1476 1515 1667 1575 Deuminde-

442 1616 562 1670 φωρῆς),
612 1600 741 1654 sinenter
758 1598 895 1670 precibus
914 1607 1039 1652 exorate.
1079 1596 1124 1651 De
1142 1597 1240 1654 reditu
1257 1603 1357 1654 nostro
1373 1600 1448 1654 nihil
1471 1601 1556 1659 vobis
1580 1602 1667 1659 certi·

441 1669 561 1761 ‘ffl‘ffl
612 1682 723 1738 tudinis
740 1699 896 1753 possumus
919 1681 1095 1751 significare.
1131 1680 1378 1737 Adversariorum
1395 1700 1521 1757 namque
1538 1702 1667 1757 pmcn·

441 1768 513 1811 about
612 1769 683 1821 tiam
712 1766 926 1837 praetolamur,
954 1770 1099 1835 quatenus
1124 1772 1207 1835 parto
1232 1773 1377 1836 praesente
1408 1767 1510 1833 altera,
1542 1769 1581 1825 lia
1613 1786 1666 1827 suo

442 1819 530 1864 retunt
611 1856 703 1907 marte
722 1851 877 1914 discurrat,
898 1854 928 1904 et
945 1850 1002 1903 fine
1020 1852 1171 1920 perpetuo,
1191 1848 1240 1903 val
1258 1850 1364 1905 saltem
1380 1851 1583 1923 temporaliter
1599 1870 1666 1912 oon·

610 1936 751 2007 quiescat.
801 1934 947 1989 Caeterum
978 1933 1099 2004 quidam
1126 1933 1252 1989 fratrum
1281 1940 1449 1991 nostrorum
1474 1937 1526 2008 qui
1551 1937 1589 1993 ad
1612 1954 1665 1993 vos

610 2020 756 2090 dirigetur
786 2019 816 2073 in
846 2018 988 2089 proximo,
1024 2023 1134 2073 statum
1170 2023 1304 2074 nostrum
1335 2026 1365 2075 et
1395 2036 1460 2092 quaa
1492 2037 1582 2092 panas
1611 2038 1665 2077 nos

610 2109 747 2175 aguntur,
769 2104 852 2158 vobis
876 2103 945 2158 viva
968 2117 1039 2157 voca
1062 2101 1178 2172 plenius
1202 2102 1359 2160 intimabit.
1411 2103 1492 2159 Bene
1510 2104 1617 2172 valete,
1637 2110 1668 2165 et

609 2193 689 2243 orate
707 2205 760 2261 pro
777 2188 870 2243 nobis.

505 2457 576 2549 iiii
646 2443 738 2499 XLV.
776 2443 916 2498 Uaasuos
942 2457 1012 2497 rurs
1032 2442 1199 2498 Gorvnsror
1226 2442 1442 2498 Garroaamttl
1465 2455 1630 2498 mmmmm

575 2536 581 2551 ·
1062 2542 1212 2582 iunonem.

441 2691 586 2738 macunen
646 2672 721 2726 (lum
739 2670 865 2727 ecclesia
882 2676 980 2726 vestra
998 2669 1074 2726 dono
1099 2670 1192 2725 divini
1217 2670 1348 2726 muneris
1367 2669 1492 2727 celebris
1510 2670 1662 2737 habeatur,

440 2743 567 2837 gfcwhiff
609 2763 640 2812 et
664 2755 867 2828 praerogativas
893 2756 1021 2826 gaudeat
1047 2754 1211 2824 dignitatis,
1232 2755 1297 2825 ejus
1316 2773 1418 2811 aurem
1444 2754 1558 2813 meritis
1582 2761 1664 2815 anto

540 2846 581 2889 tha
609 2839 769 2895 studiosius
796 2839 948 2894 intendere
973 2838 1119 2903 volumus,
1148 2844 1257 2908 quanto
1283 2856 1336 2909 per
1364 2843 1530 2894 sanctorum
1557 2839 1665 2896 merita

441 2896 563 2999 w
610 2942 734 2995 quorum
752 2941 875 2996 corpora
893 2924 924 2977 in
948 2940 982 2978 oa
1007 2923 1205 2994 requiescunt,
1224 2923 1351 2994 amplius
1376 2940 1442 2979 eam
1467 2924 1601 2979 venerari
1619 2923 1663 2979 di·

440 3007 566 3103 ἐξω
608 3008 739 3063 noscitur
763 3006 920 3061 laudabilis
939 3006 1054 3060 devotio
1073 3007 1257 3077 populorum.
1296 3007 1488 3077 Quapropter,
1508 3006 1609 3063 dilecti
1632 3008 1664 3063 iu

439 3060 555 3155 samii&
610 3092 736 3147 Domino
754 3091 817 3154 filii,
842 3091 950 3146 vestris
972 3090 1062 3160 justis
1088 3090 1278 3160 petitionibus
1296 3090 1439 3154 inclinati,
1460 3090 1498 3146 ad
1516 3091 1664 3163 exemplar

439 3158 585 3257 fflffi,
608 3177 665 3247 piae
682 3175 893 3231 reeordationis
911 3173 1071 3228 Alexandri
1096 3173 1320 3245 predecessoris
1344 3175 1446 3239 nostri,
1467 3191 1567 3230 omnes
1585 3173 1664 3231 obla·

439 3259 596 3307 ΜΝ
607 3261 701 3317 tiones
720 3266 750 3316 et
768 3259 966 3321 obventiones,
988 3276 1061 3330 quas
1088 3258 1238 3313 affluentes
1266 3257 1368 3330 populi
1396 3258 1529 3313 ecelesia
1554 3264 1663 3316 vestra

438 3310 596 3415 mim
608 3345 729 3402 obtentu
746 3344 825 3399 beati
844 3343 963 3397 Thomas
982 3342 1131 3412 martyris,
1152 3347 1182 3397 et
1201 3341 1325 3396 aliorum
1350 3349 1517 3397 sanctorum
1536 3359 1679 3413 quorum,

440 3410 572 3507 {hhgffolffl
606 3429 751 3501 relliquiae
769 3429 801 3482 in
818 3428 883 3498 ipsa
901 3426 1087 3481 continentur
1100 3426 1232 3490 ecclesia,
1253 3426 1439 3490 contulerint,
1460 3426 1538 3482 sicut
1555 3444 1573 3481 a
1589 3433 1664 3483 tem·

571 3496 578 3515 ’
606 3531 676 3584 pore
694 3514 777 3566 bomo
795 3512 945 3565 memorias
963 3508 1132 3573 Theobaldi,
1156 3510 1302 3580 quondam
1321 3509 1532 3581 archiepiscopi
1556 3512 1659 3576 vestri,

606 3615 642 3651 ex
660 3613 717 3666 quo
735 3595 814 3648 idem
833 3594 1031 3648 sacristariam
1056 3601 1186 3647 vestram
1211 3611 1279 3647 oum
1307 3592 1502 3648 oblationibus
1530 3595 1661 3650 ecolesim

605 3685 710 3735 vestrm
730 3685 760 3732 et
777 3678 890 3732 centoris
909 3677 1094 3747 pertinentiis
1108 3678 1169 3732 suis
1183 3677 1265 3732 vobis
1285 3677 1457 3747 resignavit,
1472 3684 1502 3734 et
1514 3685 1581 3749 post
1593 3696 1660 3734 eum

605 3784 623 3819 a
634 3769 763 3833 tempore
776 3761 854 3815 boati
867 3761 984 3814 Thomas
996 3762 1146 3831 martyris,
1157 3761 1289 3831 ejusdem
1298 3761 1456 3815 'theobaldi
1471 3764 1658 3829 successoria,

605 3846 723 3903 easdem
742 3845 902 3900 oblationes
922 3850 951 3898 et
970 3844 1159 3899 obventiones
1184 3862 1278 3915 usque
1298 3846 1329 3898 iu
1347 3862 1476 3916 praesens
1503 3845 1658 3913 habuistis,

605 3941 635 3987 et
659 3949 737 3985 nunc
762 3930 883 4001 pacifice
910 3929 1016 3983 habere
1042 3929 1207 3992 noscimini,
1234 3929 1318 3984 vobis
1344 3930 1459 4000 integre
1487 3930 1660 3986 auctoritate

604 4014 763 4085 apostoliea
786 4013 999 4076 confirmamus,
1021 4014 1098 4068 sicut
1116 4013 1204 4089 etiam
1222 4013 1279 4083 piae
1298 4013 1446 4067 memoriae
1459 4012 1568 4069 Lucius
1588 4032 1661 4085 praa·

604 4100 739 4154 decessor
766 4104 865 4152 noster
895 4097 1081 4168 postmodum
1111 4098 1299 4151 confirmasse
1330 4096 1501 4163 dinoscitur,
1534 4097 1565 4152 in
1595 4116 1660 4169 per-

604 4190 707 4254 petuos
726 4200 797 4237 usus
817 4182 1016 4243 luminarium,
1038 4198 1188 4236 sacrorum
1206 4181 1448 4236 vestimentorum
1467 4188 1497 4236 et
1515 4188 1661 4238 restaura·

604 4268 692 4322 tionis
717 4266 810 4338 ipsius
837 4265 979 4327 ccclesiae,
1000 4270 1030 4318 ot
1057 4265 1087 4317 in
1114 4281 1186 4319 usus
1205 4264 1354 4334 hospitum
1373 4271 1403 4319 et
1421 4265 1613 4330 infirmorum,
1634 4267 1659 4322 si

437 4362 559 4416 orcluuing
605 4352 678 4405 forte
697 4349 810 4420 aliquid
828 4349 986 4419 eontigerit
1003 4348 1115 4402 residui
1134 4364 1301 4403 remanere:
1324 4353 1484 4404 statuentes
1503 4367 1540 4404 ne
1552 4350 1582 4404 in
1594 4368 1661 4421 pos·

436 4413 562 4508 Qu&
604 4443 700 4490 terum
719 4434 826 4505 aliquis
852 4433 1089 4503 archiepiscopus
1108 4432 1156 4486 vel
1172 4431 1231 4487 alia
1249 4433 1448 4488 ecclesiastiea
1473 4433 1660 4490 secularisve

436 4513 555 4608 iiihffh'
604 4538 727 4593 persona
745 4519 827 4574 vobis
847 4535 935 4588 super
954 4518 1000 4570 his
1021 4517 1187 4572 molestiam
1206 4517 1313 4572 inferat
1331 4525 1383 4573 aut
1401 4519 1581 4574 occasionem
1599 4537 1660 4573 ma-

503 4577 525 4617 p'
604 4603 754 4675 lignandi;
781 4601 912 4671 eoquod
938 4601 1059 4655 obtentu
1085 4601 1164 4656 beati
1189 4601 1329 4671 martyris
1354 4601 1473 4657 Thomas
1501 4602 1596 4672 majus
1615 4603 1659 4673 ip·

604 4705 704 4743 sarum
723 4684 901 4740 oblationum
921 4691 951 4739 et
969 4684 1175 4739 obventionum
1199 4685 1353 4754 pervenire
1380 4684 1542 4741 dinoscitur
1566 4685 1659 4740 incre·

603 4780 743 4828 mentum.
783 4767 841 4824 Sed
861 4787 970 4832 omnes,
990 4776 1078 4839 prout
1095 4768 1232 4832 diximus,
1253 4769 1414 4824 oblationes
1428 4777 1458 4825 et
1469 4769 1659 4826 obventiones

604 4857 735 4913 ecclesian
753 4860 860 4910 vestrae
879 4861 909 4908 ct
926 4853 1010 4907 vobis
1029 4854 1229 4924 inposterum
1247 4853 1414 4924 vestrisque
1439 4854 1658 4910 successoribus

603 4944 695 4996 tirmm
720 4940 796 4995 sicut
823 4956 898 4993 niuno
916 4937 1031 4991 habetis
1050 4936 1230 5007 illibataque
1248 4943 1445 5008 permaneant.
1484 4938 1568 4993 Nulli
1588 4953 1659 5010 ergo

604 5026 720 5081 omnino
738 5024 889 5079 hominum
907 5020 995 5076 liceat
1013 5019 1087 5075 hanc
1106 5021 1243 5093 paginam
1260 5027 1368 5076 nostras
1387 5021 1615 5078 confirmationis
1628 5030 1659 5078 et

467 5122 566 5166 tonora
604 5107 819 5166 constitutionis
841 5105 1012 5175 infringere,
1031 5105 1080 5159 vel
1104 5105 1130 5159 ei
1151 5122 1224 5164 ausu
1251 5105 1407 5161 temerario
1432 5107 1587 5163 contraire.
1625 5106 1659 5163 Si
