4192 6392
615 1146 659 1216 74
899 1163 1071 1214 amaruan
1094 1160 1383 1226 cursuscursus,

464 1364 584 1461 effla
627 1376 828 1434 LXXXVIII.
867 1377 1039 1434 Conversus
1059 1377 1288 1435 Caurummusrs
1306 1380 1508 1436 Arasaaraum
1526 1394 1666 1438 arracoro.

445 1465 599 1579 ulldgclddvlsllt
649 1516 775 1575 Litteras
800 1520 960 1579 sanctitatis
984 1526 1091 1578 vestrm
1116 1523 1310 1594 suscepimus,
1338 1529 1419 1580 tanto
1445 1523 1551 1597 majori
1579 1522 1668 1580 animi

445 1583 582 1687 fflfiffffl
613 1601 770 1669 alacritate,
791 1610 898 1675 quanto
916 1624 951 1660 cx
969 1623 1051 1661 mera
1069 1623 1117 1661 eas
1135 1606 1333 1663 intelleximus
1353 1607 1512 1679 procedere
1536 1608 1666 1665 caritate

445 1683 559 1779 'defetffir
614 1685 716 1755 Quam,
728 1688 922 1755 Deovolente,
932 1689 1003 1745 licet
1013 1707 1136 1762 corpora
1147 1690 1278 1747 locorum
1290 1691 1507 1765 intercapedino
1519 1692 1666 1765 sejungat,

445 1746 565 1833 didius?
612 1788 666 1826 nec
684 1772 800 1828 abolere
818 1773 925 1844 poterit
944 1773 1063 1839 oblivio,
1083 1792 1137 1830 nco
1156 1792 1240 1847 aquae
1264 1776 1465 1833 interfluentas
1484 1777 1665 1849 extInguecc.

612 1856 724 1913 Verum
743 1857 822 1928 quod
839 1857 983 1914 mandatis
1001 1858 1096 1923 nobis,
1109 1866 1162 1915 uos
1181 1858 1217 1914 do
1235 1860 1372 1917 mandato
1391 1860 1501 1916 domini
1520 1858 1667 1931 Oysterci·

612 1942 689 1997 ensis
708 1941 746 1997 ad
763 1930 866 2013 pacem
877 1941 953 1998 inter
971 1941 1171 1998 venerabilem
1188 1947 1302 2013 patrem
1318 1949 1452 2000 noenum
1464 1948 1495 2000 et
1505 1959 1558 2000 nos
1576 1944 1668 2000 reior-

611 2025 747 2082 mandam
757 2030 926 2098 promptum
943 2044 1107 2091 accurrere,
1121 2031 1240 2097 gratm
1251 2027 1335 2082 uobis
1347 2027 1503 2083 admodrm
1521 2044 1665 2100 premere,

468 2166 476 2181 ¹
611 2127 784 2181 quocunque
796 2117 970 2183 procurante
988 2111 1077 2166 etiam
1094 2113 1222 2182 potestas
1234 2110 1353 2182 publiea
1365 2118 1465 2168 contra
1475 2128 1529 2168 nos
1541 2111 1668 2169 excitata

443 2201 564 2265 spench-
610 2201 664 2258 cst,
685 2200 715 2250 et
732 2195 905 2266 prohibetur
922 2195 1006 2250 nobis
1024 2194 1144 2265 justitia
1167 2200 1267 2251 nostra
1285 2194 1451 2267 suffragari.
1488 2194 1580 2252 Pater
1596 2212 1666 2253 vero

442 2254 580 2358 &emptu
610 2283 717 2344 noster,
737 2285 772 2334 ut
788 2279 964 2350 accepimus,
984 2279 1140 2335 transitum
1158 2295 1212 2350 per
1229 2296 1281 2334 vos
1300 2280 1440 2345 facturus,
1460 2278 1497 2335 ad
1515 2279 1666 2335 dominum

442 2355 544 2419 ttrrouu
579 2424 582 2431 ¹
611 2378 712 2432 regem
742 2362 773 2417 in
809 2364 942 2434 proximo
965 2362 1185 2429 transfretabit;
1223 2363 1336 2419 utinam
1366 2363 1559 2435 cogitationes
1583 2363 1665 2435 pacis

457 2417 597 2517 fidulii?
610 2445 752 2515 cogitans,
767 2450 797 2501 et
813 2464 870 2501 non
889 2446 1063 2502 afflictionis.
1103 2446 1247 2515 Quocirca
1259 2447 1394 2518 quamvis
1408 2448 1514 2503 faciem
1532 2454 1665 2504 vestm

441 2506 584 2603 ffiffloet
608 2528 709 2583 videro
739 2530 849 2585 frustra
879 2530 1123 2596 desiderantibus,
1143 2531 1249 2585 melius
1279 2529 1396 2586 videtur
1424 2531 1518 2595 nobis,
1550 2548 1604 2588 vos
1633 2531 1666 2587 in

441 2608 564 2709 ffifffi
609 2613 742 2682 partibus
761 2614 821 2669 illis
835 2614 974 2680 venienti,
995 2614 1021 2670 si
1039 2614 1145 2686 placet,
1165 2632 1328 2680 occurrere,
1350 2632 1438 2685 quam
1455 2614 1538 2671 illinc
1556 2615 1595 2671 ad
1611 2632 1664 2672 uos

610 2697 720 2754 frustra
736 2702 932 2765 transmeare;
959 2700 1084 2755 maxime
1109 2717 1177 2756 oum
1195 2703 1327 2756 asserant
1350 2705 1464 2771 patrem
1481 2704 1616 2756 nostrum
1632 2699 1665 2755 in

717 2783 723 2795 ’
906 2784 925 2837 'l
1161 2782 1191 2838 di
1261 2785 1270 2838 l
1307 2784 1314 2796 '
1399 2784 1472 2839 imm
1489 2783 1550 2839 bile

467 2890 569 2940 ,„„‚
608 2791 757 2923 itt?
775 2784 1664 2940 tlt,-32¹³tttlt‘tuttt0ttuttatuit

608 2952 733 3008 scientes
752 2969 787 3007 cx
805 2952 885 3008 illius
904 2953 1128 3018 constructione,
1143 2952 1212 3008 huic
1229 2958 1337 3009 nostrae
1356 2952 1464 3008 intruis
1482 2952 1664 3025 temporibus

609 3034 812 3106 praejudicium
830 3036 973 3106 generant,
987 3053 1076 3107 qnam
1088 3042 1118 3092 ot
1129 3037 1354 3107 praesentialiter
1368 3037 1432 3107 jam
1443 3036 1661 3105 detrimentum,

608 3127 638 3174 ot
667 3119 889 3176 diminutionem
914 3119 1049 3176 videmus
1079 3136 1132 3191 per
1157 3120 1240 3175 illam
1270 3127 1300 3177 ct
1323 3119 1456 3177 dolemus
1480 3137 1660 3194 perpessam

608 3202 821 3261 Verumtamen
838 3204 875 3260 de
887 3204 1069 3276 benignitate
1081 3203 1173 3274 patris
1186 3207 1279 3261 nostri
1298 3205 1388 3261 etiam
1406 3205 1432 3260 si
1450 3221 1502 3261 nos
1521 3205 1710 3263 occideritlol

608 3294 768 3358 sperantes,
788 3289 935 3345 sanctitati
952 3294 1059 3344 restrae
1069 3304 1171 3348 amnes
1184 3289 1383 3359 supplicamus
1396 3293 1426 3344 et
1443 3289 1564 3361 singuli,
1578 3290 1615 3356 ai,
1628 3294 1663 3347 ut

606 3389 707 3427 rumor
725 3379 780 3440 cst,
800 3373 838 3429 ad
859 3392 910 3430 vos
929 3372 1051 3437 venerit,
1066 3390 1131 3443 quas
1149 3372 1187 3426 ad
1205 3389 1307 3442 pacem
1332 3379 1401 3429 sunt
1417 3390 1470 3444 pro
1488 3390 1587 3430 amore
1605 3373 1662 3431 Dei

607 3462 637 3510 et
661 3457 769 3513 honoro
800 3457 893 3528 ipsius
921 3464 952 3512 ct
977 3463 1086 3521 vestro,
1117 3472 1224 3527 rogaro
1255 3456 1365 3522 velitis,
1398 3456 1508 3528 gratias
1541 3462 1661 3529 agentes

607 3557 695 3609 super
707 3540 841 3594 omuibus
862 3559 926 3612 quse
944 3540 992 3596 rel
1010 3540 1094 3595 nobis
1113 3541 1161 3596 vel
1181 3539 1288 3595 nostris
1302 3541 1399 3611 gratia
1410 3545 1508 3595 vestra
1520 3540 1662 3613 impendit

607 3621 776 3677 beneficiis:
812 3626 906 3693 parati
933 3626 1022 3680 etiam
1047 3625 1111 3679 loco
1142 3630 1171 3677 ct
1200 3628 1329 3695 tempore
1361 3624 1579 3696 gratantissime
1609 3643 1661 3698 pro

606 3706 719 3760 viribus
738 3707 923 3777 respondere.
961 3708 1065 3765 Valcte
1084 3708 1115 3762 iu
1133 3707 1267 3764 Domino.

469 3924 566 4030 ,isssslussl
736 3930 903 3985 LXXXIX.
943 3930 1077 3986 Horouro
1097 3943 1194 3985 aaroni
1212 3943 1335 3984 rasruus
1352 3943 1389 3984 os
1407 3927 1540 3985 Vsaous.

438 4069 576 4116 rheinouus
642 4060 684 4114 Ut
709 4061 763 4114 sub
788 4060 958 4131 compendio
985 4060 1137 4116 brevitatis
1164 4059 1284 4115 verbum
1312 4058 1453 4129 prolixius
1471 4053 1658 4129 perstringet,

437 4119 527 4215 l'f'ffi,
534 4173 568 4216 1„
606 4161 695 4199 causa
712 4152 813 4200 nostra
836 4144 907 4200 fines
921 4162 993 4217 quos
1012 4144 1040 4200 ci
1058 4144 1221 4214 reliquistis
1240 4161 1298 4198 non
1316 4141 1446 4214 reliquit,
1466 4158 1520 4196 neo
1538 4139 1661 4197 adversa

436 4222 565 4323 {fflffifm
605 4229 697 4284 hostis
721 4229 858 4285 valetudo
877 4247 895 4284 a
913 4247 965 4285 suo
991 4233 1067 4285 statu
1092 4246 1156 4283 eam
1184 4228 1279 4299 potuit
1303 4243 1357 4281 nec
1383 4229 1481 4297 potest
1504 4241 1657 4288 amovere;

436 4326 545 4419 galiltpffln
605 4313 656 4368 sed
675 4331 710 4368 ex
727 4313 962 4369 adversariorum
980 4313 1116 4369 corasultu
1134 4330 1249 4383 semper
1262 4310 1368 4381 adepta
1380 4315 1425 4366 est
1436 4311 1657 4371 incrementum,

435 4423 573 4470 ,umbo
604 4404 634 4453 et
651 4416 718 4454 cum
737 4398 856 4454 daretur
880 4416 968 4470 opera
987 4397 1187 4454 subversionis
1211 4395 1279 4451 inde
1304 4393 1408 4466 adepta
1432 4400 1477 4449 est
1501 4392 1658 4449 soliditatis

434 4473 556 4522 lealuem.
604 4483 845 4548 undamentum,
881 4482 1042 4538 adversarii
1070 4482 1197 4536 salsitate
1224 4497 1277 4534 sua
1301 4477 1421 4537 veritati
1446 4481 1553 4533 nostra
1584 4493 1657 4547 praa·

603 4571 712 4621 stantes
730 4567 943 4623 fulcimentum.
988 4566 1006 4620 J
1009 4565 1086 4620 udex
1103 4582 1170 4621 cum
1189 4562 1387 4620 assessoribus
1406 4578 1502 4617 causae
1522 4559 1657 4617 veritatis

601 4652 696 4706 sactus
709 4650 932 4708 ostadvocatus.
970 4649 1105 4721 Negatur
1124 4649 1301 4706 adversariis
1320 4646 1399 4719 quod
1416 4650 1529 4717 petunt.
1565 4642 1657 4712 Quos-

601 4735 669 4790 dam
699 4735 825 4807 arripuit
854 4753 942 4801 mors,
975 4735 1048 4790 alios
1079 4733 1243 4790 infirmitas.
1295 4731 1364 4788 Siue
1389 4730 1479 4786 dubio
1503 4745 1657 4800 speramus

601 4838 740 4891 magnum
759 4837 855 4876 causa
872 4825 979 4876 nostras
998 4824 1182 4890 proventum,
1197 4818 1301 4875 saltem
1318 4834 1355 4872 nc
1375 4821 1527 4871 teneamur
1539 4811 1658 4871 obedire

600 4903 652 4959 lite
682 4905 835 4978 pendente.
887 4903 970 4974 Quod
1001 4904 1084 4959 vobis
1108 4905 1191 4975 prius
1222 4921 1279 4959 non
1310 4900 1492 4972 scripsimus,
1518 4914 1576 4953 non
1600 4895 1658 4951 fuit

600 4990 797 5060 negligentiae,
824 4989 875 5044 sed
901 5004 1019 5043 causam
1045 4988 1184 5058 praestitit
1209 5004 1304 5044 causae
1327 4990 1435 5041 nostras
1463 4982 1560 5039 fatalis
1590 4997 1656 5037 con-

600 5074 731 5130 suetudo.
779 5074 940 5131 Recessum
966 5072 1078 5129 domini
1102 5073 1189 5144 Papae
1215 5071 1301 5129 multi
1327 5070 1499 5140 loquuntur,
1519 5072 1549 5121 et
1574 5069 1656 5124 certa
