4192 6392
634 1152 677 1212 82
916 1161 1090 1211 erasmum
1112 1159 1404 1228 esurummusns

479 1346 601 1393 ebriet.
633 1337 807 1408 gentilitatis
837 1337 996 1393 moralibus
1027 1335 1170 1392 institutis
1200 1336 1315 1392 dicendi
1345 1353 1495 1393 sumamus
1525 1336 1685 1403 exordium,

411 1494 415 1501 ι
467 1398 595 1505 Ηέὴᾚῖ·
633 1439 727 1477 nonne
758 1439 835 1477 sante
867 1421 1007 1476 doctrinm
1037 1420 1202 1493 posteritati
1235 1439 1296 1476 sum
1326 1421 1509 1492 reliquerunt
1539 1420 1687 1494 vestigia?

466 1511 531 1554 them
540 1524 574 1555 ro·
634 1506 694 1560 illis
726 1505 834 1577 quippo
864 1505 1026 1573 gloriosum
1054 1511 1118 1559 erat
1146 1521 1279 1575 pugnero
1313 1522 1366 1575 pro
1394 1504 1499 1576 patria,
1530 1504 1606 1561 mori
1635 1523 1688 1578 pro

465 1562 616 1664 fflffim
634 1589 768 1645 libertato
798 1589 914 1644 tuonds.
965 1588 1043 1657 Quid
1072 1605 1144 1658 ergo
1174 1588 1296 1658 gloriosi
1325 1595 1469 1659 martyres
1500 1589 1687 1645 succedentes

491 1681 595 1725 taetre
634 1671 808 1744 elegerunt?
844 1671 922 1740 Quid
947 1670 1152 1742 pertulerunt?
1187 1670 1292 1726 Nonne
1317 1671 1374 1742 ipsi
1399 1689 1453 1743 pro
1477 1671 1597 1729 Christe
1624 1691 1687 1729 sen·

633 1759 754 1830 guinem
784 1775 871 1813 suum
901 1756 1063 1812 fuderunt?
1109 1755 1213 1811 Nonne
1243 1755 1301 1827 ipsi
1331 1773 1383 1826 per
1413 1756 1513 1812 orbem
1542 1762 1687 1813 terrarum

633 1841 787 1898 eeclesiam
805 1840 861 1896 Dei
879 1840 948 1897 vitus
967 1858 1028 1896 suoe
1052 1840 1236 1905 commercio,
1263 1840 1397 1896 libertate
1424 1840 1589 1898 donaruntl
1622 1842 1687 1898 Uti·

653 1943 690 1981 ue
709 1943 796 1981 eram
825 1943 852 1979 >a
874 1943 912 1980 cs
938 1943 990 1980 nos
1098 1941 1163 1979 rus
1185 1940 1283 1994 impen
1303 1942 1341 1979 ns
1380 1942 1437 1979 nan
1458 1943 1475 1979 o
1496 1943 1533 1980 ue
1552 1942 1686 1981 coronam

633 1944 651 1997 q
725 1926 874 1995 t'1t1
991 1924 1193 1979 trital'b'
1283 1923 1379 1996 d''q
1438 1923 1495 1996 dq

632 2015 857 2080 promeruerunt
875 2014 905 2063 et
928 2008 1064 2079 glorium,
1085 2014 1116 2062 et
1132 2007 1264 2062 ecclesiae
1283 2025 1344 2063 suso
1368 2007 1519 2064 libertates
1537 2026 1632 2081 usque
1649 2010 1686 2065 ed

632 2093 771 2149 moderna
796 2101 927 2165 tempora
952 2111 970 2148 e
995 2092 1097 2149 servili
1123 2091 1293 2162 relegerunt
1318 2092 1491 2149 conditione.
1529 2093 1593 2150 Nos
1614 2111 1686 2167 ergo

631 2176 663 2231 in
690 2196 763 2248 quos
792 2179 862 2232 fines
883 2177 1058 2232 saeculorum
1085 2175 1282 2315 {evenlerduntl
1294 2176 1366 2247 quid
1393 2175 1557 2315 ἰαοίέῗιεῐ)
1592 2177 1812 2233 Num-reem:

652 2261 704 2315 uid
728 2262 802 2316 rolin
844 2279 926 2316 ems
952 2261 989 2316 do
1021 2279 1072 2315 um
1108 2276 1173 2315 srae
1223 2265 1361 2314 esoetum
1391 2263 1421 2314 et
1463 2278 1481 2315 a
1501 2261 1578 2316 imus
1630 2279 1647 2316 r

631 2278 731 2415 iluguff
767 2279 863 2401 Abiit.
892 2279 1069 2415 ullumlrtlluid
1097 2343 1141 2398 ori
1172 2343 1322 2399 silentium
1352 2301 1544 2414 imponentes,
1575 2267 1686 2401 ertimffi

631 2429 754 2498 abjectio
778 2429 872 2499 plebis
899 2434 929 2483 et
956 2427 1057 2482 fabule
1081 2427 1296 2482 transeuntium
1321 2443 1375 2496 per
1400 2426 1503 2482 viam?
1538 2427 1633 2495 Absit,
1653 2435 1812 2485 atr-ime

462 2513 607 2611 filnmunpes
630 2517 729 2565 notam
755 2511 939 2566 incurramus
964 2509 1123 2581 opprobrii.
1161 2509 1249 2566 Absit
1273 2517 1307 2565 ut
1336 2515 1494 2580 aputeum
1519 2517 1686 2569 nostrerum

463 2569 607 2662 lopphtpirol·
631 2594 743 2650 semitis
761 2595 966 2650 exorbitemus.
999 2594 1087 2650 Absit
1105 2601 1139 2648 ut
1156 2611 1224 2649 cum
1242 2601 1303 2649 tem
1320 2593 1375 2649 vili
1393 2595 1546 2665 dispondio
1563 2597 1686 2668 posteri·

460 2669 570 2720 ΜΡΝ·
629 2680 685 2735 teti
714 2684 820 2734 nostres
847 2679 917 2734 mali
948 2678 1149 2749 relinquemus
1180 2678 1354 2749 exemplum.
1393 2677 1501 2735 Melius
1531 2681 1611 2736 enim
1639 2686 1687 2737 est

629 2763 704 2817 mori
731 2763 763 2817 in
791 2763 878 2829 bello,
899 2780 987 2834 quam
1012 2761 1216 2831 derelinquere
1245 2761 1343 2832 legem
1367 2761 1423 2816 Dei
1452 2764 1555 2819 nostri.
1592 2763 1684 2820 Bene·

629 2846 725 2902 dietus
743 2847 837 2918 igitur
855 2847 886 2901 in
903 2846 1037 2901 omnibus
1057 2845 1138 2901 Deus
1156 2852 1187 2901 et
1203 2845 1349 2910 laudetur,
1370 2846 1421 2916 qui
1438 2846 1522 2902 nobis
1540 2846 1577 2902 de
1595 2848 1685 2904 calice

628 2931 876 3001 praedecessorum
905 2935 1072 2985 nostrcrmn
1105 2930 1242 3068 ppopinet
1271 2930 1430 2995 effluenter,
1462 2936 1493 2986 et
1521 2930 1573 2987 det
1600 2932 1684 2989 nobis

629 3015 830 3069 tribulationes
849 3013 1078 3069 inabundantie.
1144 3029 1218 3083 eque
1231 3013 1309 3067 enim
1327 3014 1463 3069 meliores
1481 3031 1584 3071 sumus
1615 3027 1812 3081 nummum

629 3104 727 3169 patres
745 3098 847 3164 nostri,
867 3103 901 3153 ut
918 3098 1024 3152 fluctus
1042 3095 1131 3167 hujus
1150 3097 1251 3152 smculi
1275 3097 1438 3153 deliciando
1456 3034 1684 3173 siccoqucqpede

631 3182 821 3279 transvadere
857 3180 1024 3277 debeamus.
1083 3179 1261 3235 Benedictus
1291 3181 1386 3277 &³3³¹
1422 3181 1502 3277 Deus
1538 3183 1591 3252 qui
1632 3201 1686 3240 nos

628 3264 987 3362 modermstemportbus
1011 3280 1164 3319 reservare
1182 3262 1322 3329 decrevit,
1348 3283 1379 3318 m
1407 3265 1514 3336 anbns
1538 3284 1593 3337 pro
1618 3266 1686 3340 lege

460 3367 588 3411 llewnitsl
629 3349 686 3404 Der
704 3355 796 3405 nostri
822 3350 954 3420 legitime
981 3364 1138 3418 possumus
1164 3346 1322 3402 decertare.
1360 3347 1434 3403 Haeo
1460 3349 1611 3406 hactenus.
1648 3351 1685 3405 In

457 3417 609 3513 flflffiffi
629 3433 728 3530 dolore
747 3439 777 3489 et
795 3432 987 3529 amaritudine
1012 3432 1117 3486 snimoe
1135 3436 1242 3487 nostrus
1269 3431 1409 3488 hactenus
1427 3450 1530 3490 versus
1548 3434 1685 3506 Burgun-

459 3519 616 3613 ffigffigin
629 3517 903 3653 drpmdcommcrab
927 3533 1039 3579 sumus,
1057 3520 1242 3654 οκῃεὲῖαέῢοε
1260 3531 1344 3584 aqum
1363 3524 1498 3655 mopum,
1510 3523 1549 3656 uti
1569 3518 1607 3573 ad
1636 3537 1685 3658 adp·
1698 3534 1811 3583 amm,

679 3618 690 3653 1
964 3616 1089 3653 uremur.
1152 3617 1167 3653 e
1218 3617 1275 3653 non
1305 3616 1322 3653 a
1378 3618 1394 3652 r

457 3619 617 3773 Ε’Ξξιῇἶΐ
629 3619 666 3738 ἕξ
675 3618 887 3737 Ιίὴοξίἶθῗιὶῗ
911 3618 1074 3737 ellariimvcro
1099 3699 1167 3737 cum
1195 3617 1378 3752 sperare&1
1389 3610 1686 3755 riedeissptioegiseileelf

456 3769 609 3863 plmtdtlllsl
629 3768 723 3822 sectus
743 3771 788 3821 est
817 3784 899 3820 error
925 3766 1069 3837 posterior
1099 3765 1181 3836 pejor
1210 3765 1317 3836 priore.
1367 3766 1583 3836 Expectationis
1612 3788 1797 3835 veranum,

459 3833 570 3919 fflm
627 3855 733 3946 nostrm
752 3867 840 3945 causa
853 3849 915 3946 'fnit
931 3850 1080 3944 praecipue
1097 3853 1127 3903 et
1151 3848 1296 3920 specialis,
1317 3856 1350 3943 ut
1373 3851 1576 3946 certitudinem
1595 3872 1684 3925 super
1694 3840 1803 3885 mm*

627 3935 733 3989 litteris
752 3934 860 3989 dcmmr
880 3952 963 4004 papus
980 3939 1057 4004 patri
1075 3937 1173 3989 nostro
1193 3932 1395 3988 Ganmurrensr
1408 3933 1535 4001 directis,
1556 3943 1587 3992 et
1606 3943 1684 3995 statu

626 4026 735 4115 vestro,
767 4019 804 4073 ad
829 4019 967 4113 Romarm
1004 4016 1082 4112 sedis
1113 4017 1297 4112 clementiam
1334 4035 1487 4089 possemus
1522 4025 1682 4092 reportare.

457 4118 588 4166 onthero
627 4101 708 4158 Vrms
736 4120 807 4173 ergo
838 4103 943 4157 litteris
961 4108 1079 4165 vestris,
1101 4107 1201 4157 statim
1222 4106 1278 4156 tter
1305 4119 1373 4157 eum
1400 4121 1515 4159 summa
1532 4104 1684 4162 devotione

457 4172 614 4268 fflfflffe
626 4186 804 4257 arripuimus
823 4186 860 4241 ed
883 4185 996 4241 curiam
1013 4184 1184 4255 profecturi,
1204 4184 1267 4239 illic
1285 4187 1451 4256 suscepturi
1479 4187 1557 4258 quod
1583 4188 1683 4245 Omni·

457 4274 601 4334 consonano
626 4277 727 4342 potens
747 4270 889 4325 Dominus
914 4268 1076 4324 secundum
1094 4286 1190 4323 causoe
1208 4273 1315 4324 nestrae
1333 4271 1439 4325 merite
1455 4271 1582 4329 voluerit
1598 4273 1682 4330 nobis

456 4324 614 4419 ffiffi'ssgss'y
625 4355 790 4426 propinare,
810 4353 892 4408 illinc
917 4370 970 4423 per
997 4351 1054 4406 Dei
1081 4352 1207 4422 gretiam
1237 4370 1386 4424 nunquam
1416 4356 1570 4422 recessuri,
1590 4356 1682 4414 donoc

457 4424 607 4520 mm
625 4457 714 4495 cause
740 4438 875 4494 inchoata
900 4436 1031 4491 debitum
1057 4436 1197 4491 sortietur
1223 4436 1367 4493 effectum.
1414 4439 1611 4496 Consolamini
1639 4442 1682 4497 in·
1693 4446 1812 4496 Jesbnt

531 4506 537 4520 ’
624 4524 722 4588 terim,
742 4529 771 4575 et
800 4527 893 4578 estote
916 4520 1040 4585 robusti,
1070 4525 1100 4574 et
1128 4520 1255 4575 viriliter
1279 4521 1311 4576 in
1334 4523 1498 4578 orationum
1527 4523 1682 4582 devotione

627 4624 725 4663 eoram
743 4606 806 4660 Deo
824 4623 942 4661 oausam
961 4610 1091 4660 vestram
1110 4603 1246 4675 allegatc,
1267 4609 1296 4659 et
1320 4605 1412 4661 nolite
1438 4608 1542 4663 timere
1560 4624 1610 4664 eos
1629 4611 1682 4682 qui

627 4690 763 4747 occidunt
781 4708 903 4761 corpus:
930 4690 1057 4745 animem
1076 4691 1174 4743 sutem
1191 4706 1249 4745 non
1266 4694 1389 4760 possunt
1411 4692 1552 4748 cecidere.
1601 4692 1684 4752 Visi-
1696 4716 1812 4762 sm,

626 4775 701 4831 tabit
717 4792 769 4830 vos
789 4773 893 4829 Oriens
911 4790 947 4828 ex
970 4774 1030 4828 alto
1049 4771 1080 4826 in
1098 4772 1240 4842 proximo,
1260 4782 1291 4828 et
1308 4779 1439 4830 conteret
1464 4776 1559 4847 capite
1584 4777 1684 4835 iuimi-
1696 4791 1812 4839 &beket

627 4879 728 4916 corum
769 4863 943 4916 vestrorum.
993 4857 1034 4911 Ut
1070 4862 1167 4910 cutem
1203 4856 1297 4912 smioc
1334 4859 1423 4914 verbe
1465 4860 1681 4930 concludamus,

627 4944 783 5000 consilium
800 4947 932 4998 nostrum
950 4944 1004 5005 est,
1024 4944 1059 4994 ut
1075 4940 1173 5010 potius
1191 4958 1296 5011 panem
1314 4942 1489 4999 manducare
1507 4950 1538 5000 et
1556 4947 1683 5003 esuriem

627 5028 686 5097 peti
705 5026 832 5098 eligatis,
847 5041 935 5097 quam
953 5023 990 5079 ab
1008 5022 1131 5094 inceptis
1144 5023 1296 5095 desistere,
1310 5027 1359 5086 vel
1377 5027 1415 5085 ab
1426 5027 1539 5088 unitate
1550 5031 1683 5089 ecclesie
