4192 6392
631 1132 672 1198 et
915 1148 1085 1198 srisrous
1109 1146 1399 1206 esurussrussss,

478 1324 601 1430 Afflffl·
631 1342 689 1379 non
713 1322 832 1395 ignores
857 1323 1001 1396 quomodo
1020 1332 1050 1380 et
1068 1324 1090 1379 ii
1111 1323 1163 1395 qui
1180 1323 1329 1395 appellent
1349 1319 1448 1392 etqui
1470 1318 1507 1375 sd
1524 1318 1687 1375 Romam

461 1407 620 1484 mmm,
632 1407 786 1464 ecclesiam
802 1408 934 1473 veniunt,
956 1408 1047 1464 donec
1066 1408 1103 1463 de
1128 1407 1327 1463 controversia
1349 1409 1553 1476 cognoscatur,
1571 1403 1688 1458 nullum

460 1489 605 1584 wlff
632 1493 680 1548 sui
692 1497 786 1548 status
799 1492 908 1547 sentire
921 1492 1046 1548 debeant
1064 1491 1282 1547 detrimentum.
1321 1489 1481 1545 Credentes
1499 1494 1597 1544 autem
1609 1486 1690 1558 quod
1712 1537 1715 1542 .

463 1589 519 1641 (ro
526 1570 603 1643 mis
631 1576 686 1631 hae
703 1576 768 1631 vice
787 1576 883 1631 lacere
901 1576 1008 1631 debeas
1021 1575 1100 1647 quod
1112 1575 1171 1631 alia
1182 1576 1246 1632 vice
1264 1573 1415 1641 debuisti,¹
1432 1571 1610 1643 fraternitati
1627 1575 1687 1626 ture

460 1660 586 1755 ruffin
630 1677 683 1731 per
701 1660 809 1716 iterata
836 1660 947 1730 scripta
971 1652 1144 1716 mundamus
1173 1665 1203 1716 et
1229 1659 1363 1715 districte
1389 1657 1586 1729 precipimus,
1608 1655 1687 1727 quod

460 1724 587 1806 nonai*
630 1741 774 1816 quicquid
791 1744 871 1799 eirca
896 1743 1029 1800 statum²
1047 1743 1156 1815 prioris
1182 1749 1213 1799 et
1233 1744 1357 1798 fratum
1375 1741 1469 1812 ipsius
1493 1740 1635 1805 ecclesiae,
1655 1738 1687 1793 in

457 1812 584 1907 ‘unffi
629 1828 763 1899 personis
775 1826 823 1882 vel
841 1827 931 1883 rebus
949 1828 981 1882 in
998 1843 1101 1882 eorum
1118 1825 1323 1898 praejudicium
1335 1824 1517 1889 commisisti,
1530 1828 1686 1895 postquam

545 1913 587 1958 the
629 1910 667 1965 sd
685 1929 739 1966 nos
757 1910 952 1982 appellarunt,
971 1910 1020 1966 vel
1038 1927 1092 1981 per
1110 1909 1236 1965 eundem
1253 1909 1383 1980 priorem
1400 1907 1449 1963 vel
1466 1904 1629 1978 quosdam⁸
1648 1903 1686 1959 de

458 1963 547 2015 'm
629 1995 701 2060 suis,
721 1993 859 2066 aggressi
880 1999 948 2050 suut
965 1994 1023 2050 iter
1043 1992 1081 2049 ad
1098 1998 1229 2049 nostram
1246 1991 1434 2065 praesentium
1453 1989 1599 2055 veniendi,
1613 1988 1686 2045 dils-

628 2078 707 2132 tione
726 2084 758 2134 et
775 2077 971 2150 appellatione
995 2077 1167 2149 postposita,
1187 2077 1219 2131 in
1236 2076 1395 2147 pristinum
1417 2080 1525 2130 statum
1544 2072 1686 2128 reducere

628 2179 685 2218 non
696 2169 864 2234 postponas,
878 2179 988 2234 eosque
1000 2162 1032 2217 in
1049 2161 1183 2234 personis
1195 2160 1243 2216 vel
1254 2159 1343 2216 rebus
1355 2164 1456 2215 contra
1463 2158 1541 2229 juris
1553 2157 1686 2213 ordinem

628 2247 745 2302 desinas
771 2245 874 2302 amodo
900 2246 1036 2317 fatigare.
1077 2245 1110 2301 si
1136 2261 1208 2301 vero
1234 2244 1265 2298 id
1290 2242 1492 2315 exequendum
1512 2240 1687 2306 distuleris‚⁴

628 2330 745 2386 dilectis
762 2329 833 2385 filiis
851 2330 961 2385 nostris
980 2329 1017 2384 de
1039 2327 1132 2395 Bello,
1152 2327 1189 2383 de
1208 2327 1388 2384 Fovershsm
1409 2331 1440 2382 et
1455 2324 1557 2381 Sancti
1567 2324 1687 2395 Augus·

627 2414 684 2469 tini
713 2411 867 2468 abbatibus
895 2411 928 2466 id
957 2411 1151 2484 appellatione
1176 2416 1290 2467 remota
1318 2409 1517 2467 commisimus
1543 2424 1687 2480 exequen-

627 2495 715 2561 dum;
734 2494 778 2550 ita
795 2501 829 2550 ut
852 2495 878 2551 si
902 2511 1002 2550 omnes
1026 2495 1075 2550 his
1100 2494 1278 2566 exequendis
1302 2495 1445 2549 interesse
1471 2491 1620 2547 noluerint
1636 2492 1686 2548 vel

627 2577 824 2650 nequiverint,
844 2578 903 2633 duo
921 2595 957 2633 ex
974 2578 1048 2650 ipsis
1068 2596 1103 2635 ea
1121 2578 1313 2635 nihilominus
1334 2581 1524 2648 exequantur.
1574 2575 1685 2632 Datum

627 2662 761 2727 Veronae,
781 2661 832 2717 vii.
853 2660 920 2717 idus
939 2661 1023 2717 Maii.

480 2892 602 2996 efflas,
645 2873 759 2929 XLIII.
801 2876 877 2930 lusu
895 2892 933 2931 os
951 2875 1058 2941 Basso,
1072 2892 1109 2931 ue
1128 2876 1307 2930 Fivessusu
1326 2890 1360 2930 ur
1379 2876 1485 2932 Sssorr
1502 2873 1666 2933 Ausosmsr

571 2975 578 2991 ·
1054 2969 1233 3025 suasrmus?

457 3086 602 3142 response
664 3074 760 3131 Grave
779 3074 937 3130 admodum
955 3074 1087 3145 gerimus
1107 3080 1137 3130 et
1153 3075 1319 3141 molestum,
1340 3073 1419 3147 quod
1435 3075 1610 3132 venerabilis
1628 3078 1688 3134 fre·

455 3141 617 3234 ffitssw
627 3164 674 3215 ter
696 3164 796 3215 noster
820 3158 1040 3215 Oantuariensis
1058 3158 1303 3230 archiepiscopus,
1323 3158 1586 3230 apostolicaesedis
1604 3161 1685 3233 lega-

456 3239 606 3337 ffihm
625 3248 684 3309 tus,
699 3241 783 3313 quse‘
794 3242 935 3298 adversus
954 3241 1077 3298 dilectos
1095 3242 1172 3297 tilios
1190 3248 1304 3298 nostros
1320 3242 1449 3313 priorem
1462 3233 1684 3301 Gantuarieusis

456 3341 577 3387 messem
626 3327 758 3383 eeclesiae
786 3332 816 3382 et
833 3326 940 3382 frames
968 3344 1037 3382 suos
1062 3332 1131 3398 post
1156 3325 1390 3396 appellationem,
1412 3325 1579 3382 reverentia
1603 3327 1683 3383 sedis

456 3391 611 3495 ffldf‘ffi
626 3410 794 3481 apostolieae
820 3410 1028 3482 praetermissa,
1059 3409 1255 3474 commiserat,
1280 3426 1335 3464 neo
1361 3407 1399 3462 sd
1422 3408 1592 3464 mundatum
1616 3428 1683 3467 nos·

457 3491 528 3543 mi.)
626 3499 715 3556 mum,
728 3510 782 3549 nec
803 3492 841 3547 ad
861 3493 1116 3548 commonitionem
1132 3499 1262 3548 vestram
1280 3491 1384 3556 voluit,
1407 3492 1484 3547 sicut
1504 3494 1681 3564 accepimus,

459 3585 592 3683 &assaph
626 3592 773 3630 revocare.
822 3574 907 3642 Quod
934 3583 1032 3631 sutem
1059 3577 1091 3630 in
1112 3575 1311 3631 executionem
1331 3574 1479 3630 mendati⁷
1497 3575 1576 3647 quod
1593 3595 1682 3649 super

456 3637 606 3733 Q}
628 3659 683 3713 hoc
696 3658 779 3714 vobis
792 3658 936 3723 dedimus,
948 3658 1018 3716 licet
1029 3659 1118 3714 nimis
1136 3659 1244 3730 tepide,
1258 3659 1453 3729 processistis,
1468 3666 1587 3731 gratum
1596 3661 1681 3717 nobie

457 3740 594 3833 :¹33¹an
629 3748 691 3807 est;
716 3742 768 3796 sed
786 3741 870 3796 nobis
895 3743 1009 3812 gratius
1028 3748 1108 3798 esset
1126 3743 1151 3798 si
1164 3749 1295 3798 tenorem
1314 3741 1443 3798 mandeti
1454 3745 1546 3798 nostri
1564 3743 1683 3800 taliter⁸

458 3840 616 3894 executlngt.
630 3825 763 3881 fuissetis
794 3825 918 3890 executi,
951 3826 1029 3896 quod
1058 3843 1115 3881 nou
1145 3843 1319 3895 cogeremur
1349 3842 1438 3897 super
1468 3826 1569 3882 eodem
1598 3829 1682 3885 vebis

628 3910 749 3965 iteratas
768 3907 882 3963 litteras
902 3907 1058 3963 destinare.
1097 3908 1210 3963 Verum
1229 3909 1300 3979 quia
1320 3925 1409 3979 super
1420 3911 1640 3980 gravaminibus
1652 3920 1682 3969 et

628 3992 771 4049 molestiis
790 3992 884 4064 ipsius
908 3993 1015 4063 prioris
1034 3999 1066 4048 et
1084 3993 1210 4069 fratrum
1228 4009 1351 4048 suorum
1369 4010 1427 4047 non
1445 4011 1601 4065 possumus
1624 4013 1681 4051 nou

626 4077 760 4142 moveri·
786 4093 839 4131 nos
866 4076 1063 4131 incorrectum
1087 4076 1233 4131 sustinere
1257 4074 1388 4130 nolentes
1416 4076 1494 4147 quod
1520 4077 1552 4132 in
1578 4094 1681 4134 eorum

626 4160 832 4234 praejudicium
853 4177 910 4215 non
931 4160 994 4215 sine
1013 4165 1183 4230 contemptu
1204 4160 1282 4214 sedis
1303 4161 1472 4230 apostolicae
1490 4167 1680 4219 constatesee

459 4250 608 4297 notassent
627 4244 825 4308 commissum,
845 4249 1006 4298 memorato
1025 4243 1243 4315 archiepiscopo
1260 4243 1430 4298 mandatum
1442 4244 1581 4300 iteratum
1599 4244 1680 4303 dedi·

458 4312 604 4397 ffifflffi‘
627 4347 693 4384 mus
706 4335 736 4385 et
747 4333 936 4401 praecepm,
951 4332 984 4382 ut
1003 4326 1145 4397 quicquid
1157 4331 1258 4382 eontra
1270 4331 1380 4381 statum
1391 4327 1499 4398 prioris
1511 4332 1542 4382 et
1552 4328 1678 4385 fratem

457 4401 597 4457 “⁰¹¹¹‘th
628 4430 749 4468 suorum
766 4412 798 4466 in
816 4410 949 4482 personis
969 4411 1017 4465 vel
1034 4411 1124 4466 rebus
1137 4411 1168 4465 in
1180 4426 1283 4464 eorum
1295 4409 1501 4480 praejudicium
1514 4415 1678 4479 attentavit,

1261 4528 1385 4536 *—

660 4587 667 4616 ¹
685 4584 737 4634 alia
766 4587 819 4634 viee
851 4583 970 4650 ἅιὸνὶειε]
1006 4584 1129 4636 hsctsum
1151 4608 1154 4671 Ι
1178 4582 1244 4633 int-s
1255 4598 1299 4633 xv.
1311 4581 1365 4632 dies
1381 4589 1438 4646 post
1454 4582 1681 4650 hsrumsusoepti·

627 4663 773 4730 neglexisti,
786 4663 818 4715 G.
1176 4678 1251 4713 ouem
1261 4677 1314 4712 uon
1325 4662 1475 4727 expleveris,
1487 4662 1519 4714 G.

660 4767 865 4832 ’eireastotum]
884 4776 979 4830 conns,
992 4767 1050 4818 MS.
1208 4741 1457 4872 :fleme-1398&
1544 4820 1568 4872 G

658 4875 751 4940 'W'
776 4910 809 4925 '⁸
833 4871 962 4964 quim]
993 4877 1127 4937 mmm
1210 4821 1530 4966 'mmm-fisum·
1570 4858 1577 4871 θ

623 4954 692 5004 idem
704 4954 773 5018 prior
784 4952 825 5003 vel
837 4953 947 5018 quidam,
960 4950 993 5002 G.
1149 4988 1152 5015 1
1206 4981 1215 5010 ¹
1233 4978 1328 5046 muter]
1348 4978 1469 5030 omnMS.

659 5058 711 5106 «u
738 5055 898 5123 exequendum
925 5054 1062 5122 suase]
1098 5022 1151 5115 ui
1207 5059 1396 5125 wawere]
1415 5058 1628 5121 {movereris
