4192 6392
636 1125 703 1186 542
1069 1142 1258 1192 sermm.

487 1309 610 1406 {lg-23
637 1313 755 1378 exoriri,
781 1315 942 1386 perpendet
966 1314 1056 1371 citius
1084 1316 1109 1371 si
1139 1317 1293 1373 advertere
1321 1316 1449 1374 voluerit
1475 1317 1612 1374 discreta
1640 1314 1699 1372 filii

489 1410 607 1465 reum
637 1395 771 1462 devotio;
791 1416 859 1452 cum
885 1416 920 1453 ea
945 1400 1008 1454 sola
1034 1401 1208 1471 proponitur
1233 1418 1330 1466 causa,
1350 1418 1441 1472 quare
1465 1400 1597 1457 debeant
1623 1420 1700 1473 pau·

483 1462 609 1508 mm·
638 1497 723 1549 peres
753 1480 868 1536 Christi
906 1483 1038 1554 spoliari,
1072 1490 1216 1555 quatenus
1249 1490 1413 1556 praepotens
1448 1484 1528 1539 filius
1567 1484 1701 1540 matrem'

468 1535 589 1642 ffiwffl
637 1564 847 1634 pertransiens,
867 1583 936 1619 cum
965 1566 995 1619 id
1013 1567 1156 1630 evenerit,
1176 1565 1255 1638 quod
1278 1568 1328 1622 vix
1353 1566 1444 1623 semel
1470 1568 1503 1621 in
1526 1568 1589 1622 ista
1608 1574 1698 1623 aare

468 1639 577 1733 {253
639 1647 749 1717 poterit
779 1649 962 1720 contingere,
990 1650 1144 1721 proprium
1173 1651 1281 1706 habeat
1309 1650 1501 1714 domicilium,
1533 1651 1587 1705 ubi
1617 1652 1698 1706 forte

639 1749 697 1785 non
714 1732 781 1802 plus
800 1750 859 1786 una
878 1739 963 1786 nocto
988 1733 1114 1787 seorsim
1133 1752 1151 1788 a
1169 1741 1263 1788 matre
1281 1742 1369 1806 caput
1386 1735 1516 1789 inclinet.
1555 1735 1596 1791 Et
1613 1742 1695 1791 certe

639 1815 688 1884 pia
705 1821 800 1869 mater
817 1822 918 1870 vestra
935 1814 1064 1869 nondum
1089 1833 1219 1887 eousque
1240 1825 1368 1872 vestram
1386 1818 1575 1873 dilectionem
1593 1836 1694 1873 eman·

468 1890 576 1986 {2¹3ss
639 1898 767 1969 cipatam
791 1899 891 1962 babet,
913 1898 991 1969 quod
1016 1916 1071 1955 nec
1100 1900 1175 1956 velit
1195 1918 1250 1956 nec
1268 1902 1372 1957 debeat
1389 1919 1463 1965 eam,
1484 1920 1574 1972 quum
1593 1881 1708 1957 admo.x

469 1989 554 2044 dvm
639 1981 709 2035 dum
727 1999 824 2035 caram
851 1981 941 2036 babet
968 1988 999 2036 et
1024 1989 1185 2055 acceptam,
1204 1985 1296 2039 vestri
1316 1984 1520 2048 reverentiam,
1550 1984 1582 2039 in
1608 2003 1695 2056 para·

468 2041 619 2146 m·
638 2065 728 2119 tiores
746 2065 871 2118 materni
888 2065 1017 2136 pectoris
1045 2063 1128 2121 sinus
1153 2068 1304 2138 recipcre:
1325 2087 1392 2122 cum
1419 2086 1506 2123 suum
1524 2069 1566 2124 sit
1589 2076 1693 2125 votum

637 2155 668 2203 et
685 2147 864 2202 desiderium
891 2149 970 2220 diem
996 2150 1082 2203 illum
1109 2150 1220 2215 videre,
1240 2169 1299 2221 quo
1322 2153 1414 2206 vestri
1439 2153 1599 2222 praesentis
1624 2171 1692 2224 per·

637 2232 737 2287 fruens
763 2240 793 2288 et
818 2234 951 2299 consilio,
982 2234 1077 2305 possit
1101 2233 1139 2289 ab
1168 2235 1216 2289 his
1246 2235 1355 2306 quibus
1382 2241 1512 2291 uenum
1541 2237 1690 2311 angustiis

637 2314 821 2386 aliquetenus
840 2317 997 2389 respirare.
1037 2317 1114 2372 Sane
1141 2317 1309 2389 opinionem
1331 2325 1462 2374 restrum
1488 2317 1561 2389 quid
1588 2319 1693 2375 deceat

637 2416 694 2454 non
720 2400 818 2456 minus
842 2400 1068 2472 inspiciendum,
1089 2418 1157 2455 cum
1176 2401 1208 2456 id
1226 2402 1305 2472 quod
1322 2402 1369 2456 vir
1395 2409 1483 2458 tanta
1502 2403 1690 2459 auctoritatis

636 2483 762 2553 posteris
781 2484 812 2538 in
829 2484 997 2555 exemplum
1014 2483 1181 2554 reliquerit,
1202 2484 1239 2539 dc
1256 2485 1325 2556 jure
1342 2485 1448 2541 debeat
1466 2485 1503 2539 ad
1521 2486 1690 2542 consimilia

636 2567 715 2622 vires
741 2585 900 2622 resumere.
937 2567 1045 2621 Utrum
1073 2584 1144 2622 vero
1169 2566 1271 2623 deceat
1288 2569 1517 2641 Lugdunensem
1542 2570 1689 2642 archiepi-

636 2668 767 2722 scopum,
782 2650 1002 2707 Gantuariensis
1021 2649 1154 2705 ecclcsiae
1172 2651 1267 2706 filium
1285 2659 1316 2707 et
1328 2653 1489 2717 alumnum,
1504 2670 1559 2725 pro
1569 2654 1689 2710 tantillo

636 2736 777 2791 beneficio
803 2742 835 2790 et
859 2734 913 2790 tali
939 2733 1027 2789 titulo
1046 2733 1096 2787 vel
1121 2735 1283 2790 intentione
1310 2736 1498 2806 acquirendo,
1518 2754 1573 2792 seu
1597 2740 1689 2794 matri

637 2839 698 2875 suoe
717 2838 769 2875 sau
787 2819 900 2875 Christi
924 2818 1104 2890 pauperibus
1129 2823 1159 2873 et
1176 2819 1302 2875 infirmis
1329 2820 1498 2891 hujusmodi
1519 2820 1688 2877 molestiam

636 2903 754 2968 inferre,
775 2901 806 2957 id
832 2903 933 2958 videat
956 2908 986 2957 ct
1011 2902 1168 3040 provideat
1183 2910 1299 3039 Ibem
1326 2904 1489 2959 sanctitatis
1515 2904 1686 2977 prudentia,

636 2987 722 3043 cu'us
751 2987 875 3041 interest
905 2990 935 3040 et
964 3003 1049 3040 suam
1079 3003 1135 3039 au
1211 3003 1279 3041 eum
1303 2988 1521 3052 conscientiam,
1547 2994 1579 3043 et
1607 3005 1625 3043 a
1668 2989 1689 3044 d

636 3070 770 3126 homiues
788 3070 896 3124 samam
920 3086 1094 3125 conservare
1112 3069 1246 3125 illesam.
1284 3071 1376 3126 Plane
1394 3089 1448 3126 nec
1465 3071 1497 3126 id
1513 3071 1688 3143 ignoramus

671 3007 683 3059 J
1097 3002 1116 3056 P
1625 3007 1668 3060 lm

638 3154 691 3210 sed
716 3152 833 3225 plenius
860 3152 1108 3223 recognoscimus,
1129 3154 1200 3223 quia
1224 3160 1255 3208 et
1281 3155 1363 3210 vobis
1391 3160 1421 3209 et
1437 3154 1545 3210 vestris
1571 3155 1691 3212 meritis

466 3247 587 3295 uteru!
637 3237 823 3309 exigentibus
853 3237 1063 3293 constituimur
1091 3235 1250 3292 debitores.
1300 3238 1341 3293 Et
1365 3237 1437 3294 licet
1465 3237 1529 3293 brec
1556 3256 1623 3310 quus
1651 3241 1692 3296 ad

466 3299 594 3402 ffiiffi
637 3339 768 3394 praesens
786 3321 934 3376 internos
960 3321 1092 3415 agitatur
1119 3322 1245 3391 quaestio
1270 3320 1377 3416 abierit
1403 3322 1433 3375 in
1460 3321 1610 3419 abyssum,
1629 3340 1691 3379 non

466 3403 566 3494 mgni
579 3400 734 3461 ''fflmiuus
753 3411 853 3461 tamen
878 3411 1014 3459 tenemur
1031 3403 1078 3458 bis
1097 3404 1200 3458 {edessa
1229 3406 1335 3475 qmbus
1353 3411 1381 3460 et
1399 3423 1450 3459 vos
1468 3411 1621 3472 tenemim,
1641 3407 1691 3462 vel

465 3461 617 3545 meridia
637 3490 737 3544 debito
753 3496 867 3543 naturas
894 3488 942 3541 rel
969 3487 1067 3556 gratia
1094 3487 1237 3558 obsequii.
1275 3487 1390 3542 Idcirco
1416 3492 1449 3542 ut
1476 3489 1507 3542 in
1534 3489 1636 3560 aliquo
1661 3499 1695 3546 et

467 3553 596 3652 fflffl'f
636 3575 753 3628 affectui
774 3580 802 3626 et
829 3573 911 3642 operi
930 3579 1030 3625 restro
1055 3572 1292 3641 respondeamus,
1313 3573 1343 3626 in
1369 3573 1520 3643 proposito
1544 3574 1693 3630 habemus

467 3651 596 3743 abbundrod
635 3658 725 3712 alicui
761 3657 797 3711 do
829 3657 947 3720 vestris,
976 3657 1053 3709 sicut
1084 3656 1166 3709 vobis
1193 3656 1346 3726 placuerit,
1376 3657 1444 3710 darc
1472 3659 1627 3712 annuatim
1653 3660 1692 3714 de

466 3702 579 3755 ”Ihm
634 3740 818 3794 thesauraria
848 3746 949 3793 nostra
985 3744 1102 3794 centum
1139 3740 1256 3804 solidae,
1290 3741 1379 3794 donec
1410 3740 1504 3794 eidem
1536 3742 1567 3794 in
1606 3760 1693 3813 aeque

634 3824 733 3877 valens
760 3823 807 3876 vol
835 3824 962 3894 amplius
991 3823 1064 3875 alias
1090 3822 1236 3891 possimus
1266 3823 1431 3892 providere.
1479 3822 1558 3891 Quid
1589 3834 1692 3882 autem

634 3924 723 3977 super
742 3908 788 3960 bis
807 3907 890 3960 vobis
910 3907 1057 3976 placuerit
1076 3907 1149 3970 fieri,
1169 3907 1253 3959 nobis
1274 3907 1446 3976 significate.

996 4134 1104 4187 DLIX.
1126 4135 1202 4187 lusu
1222 4150 1321 4187 sinan.

1053 4251 1140 4312 (ibid,
1153 4267 1190 4314 ep.
1204 4252 1264 4314 xii.)

464 4377 582 4430 Thepnor
669 4378 794 4432 dohanni
808 4375 998 4447 Lugdunensi
1012 4376 1242 4445 archiepiscopo,
1257 4376 1292 4429 A.
1307 4375 1386 4445 prior
1400 4376 1623 4432 Cantuaricnsis
1643 4397 1690 4434 ec·

464 4430 596 4521 fflffi.
633 4462 741 4528 clesiae,
770 4462 904 4516 salutem.
958 4459 990 4514 Si
1019 4460 1173 4514 carissima
1203 4460 1276 4513 mihi
1313 4466 1357 4513 est
1385 4466 1490 4513 vestrae
1521 4463 1689 4518 sanctitatis

463 4530 609 4632 ffissffle
633 4546 805 4608 reverentia,
821 4546 851 4599 id
863 4546 962 4615 agitur
980 4543 1058 4614 apud
1077 4561 1124 4597 me
1143 4545 1173 4596 in
1192 4561 1249 4612 quo
1268 4543 1381 4597 debitor
1401 4561 1464 4595 sum
1477 4543 1562 4597 vobis
1575 4527 1690 4617 obliga·

465 4629 577 4680 oslacus
632 4636 689 4693 tus,
710 4630 760 4699 qui
780 4647 832 4699 pro
852 4647 886 4682 ea
912 4647 977 4698 quae
1004 4629 1033 4681 in
1052 4628 1134 4681 vobis
1154 4633 1200 4681 est
1219 4628 1373 4681 sanctitate
1393 4633 1420 4680 ct
1442 4628 1539 4697 gratia
1557 4646 1689 4684 commu-

631 4715 708 4768 niter
727 4731 794 4768 cum
812 4711 936 4775 caeteris,
958 4711 1125 4781 specialiter
1143 4717 1242 4767 autem
1260 4729 1313 4782 pro
1330 4711 1506 4766 liberalitate
1526 4712 1579 4765 illa
1598 4732 1688 4784 (quam

631 4798 708 4869 apud
727 4815 779 4852 vos
808 4814 897 4866 egens
917 4802 946 4850 et
965 4801 1119 4848 extraneus
1138 4813 1196 4848 non
1214 4795 1358 4848 modicam
1377 4796 1486 4857 inveni,
1506 4800 1608 4850 teneor
1636 4817 1689 4869 pro

630 4882 744 4936 viribus
757 4880 860 4934 honori
879 4887 976 4934 vestro
995 4878 1126 4932 debitum
1146 4885 1176 4932 et
1194 4877 1331 4933 devotum
1344 4885 1484 4949 praestare
1498 4879 1686 4950 obsequium.

608 4966 667 5019 .In
693 4983 750 5036 quo
776 4965 895 5036 quidem
919 4963 1015 5033 magis
1037 4963 1179 5017 sollicitor
1200 4963 1224 5016 si
1245 4963 1407 5033 quomodo
1435 4963 1556 5017 daretur
1581 4982 1687 5036 oppor-

632 5050 750 5112 tunitas,
771 5056 804 5103 ut
818 5048 902 5118 juxta
921 5048 1004 5101 illum
1025 5063 1113 5118 quern
1132 5064 1204 5117 gero
1223 5047 1359 5102 affectum
1377 5047 1487 5117 possim
1506 5048 1685 5119 benignitati
