4192 6392
775 1212 933 1264 rmronn
956 1212 1162 1264 ammarum.
1452 1201 1495 1264 43

439 1389 569 1447 molesia
586 1385 804 1443 oonstruotiono
823 1402 912 1455 quam
931 1386 1058 1456 coepisti,
1080 1404 1098 1440 a
1115 1391 1145 1440 te
1171 1401 1238 1441 oum
1265 1386 1331 1440 aliis
1356 1385 1498 1440 fratribus
1528 1395 1649 1441 anaia.

439 1473 594 1529 dissentire
612 1471 742 1535 videtur,
763 1469 909 1524 sustinere
928 1475 1026 1524 tamon
1051 1471 1188 1525 nolumus
1214 1487 1268 1524 neo
1296 1469 1437 1526 debemus
1464 1458 1584 1551 utffiJly
1593 1458 1657 1551 ’Ψ

440 1563 558 1633 propter
583 1556 640 1613 hoo
668 1555 715 1613 sui
741 1554 860 1610 honoris
878 1554 928 1610 vel
954 1559 1048 1609 status
1075 1553 1228 1625 quodlibet
1246 1554 1392 1612 sustineat
1409 1554 1591 1620 deut-asans
1611 1560 1652 1602 the

440 1647 578 1705 mentum,
593 1656 661 1694 oum
679 1654 806 1709 praeesse
825 1637 972 1692 inutiliter
989 1637 1150 1703 videretur,
1165 1637 1191 1692 si
1210 1638 1343 1692 ecelesias
1362 1656 1423 1692 suar
1442 1637 1500 1692 dis·
1512 1621 1581 1662 ‘'⁰⁰‘'

440 1726 577 1796 pendium
596 1723 651 1778 sub
669 1721 903 1776 dissimulatione
922 1721 1070 1776 transiret.
1108 1721 1182 1775 Inde
1202 1727 1247 1776 est
1265 1721 1344 1792 quod
1360 1739 1414 1776 nos
1433 1739 1501 1775 eum
1594 1760 1599 1767 -

441 1828 506 1864 eum
524 1807 604 1863 omni
623 1805 806 1877 plenitudine
819 1804 906 1860 offleii
926 1804 972 1859 sui
992 1809 1022 1859 et
1040 1822 1107 1859 oum
1127 1805 1224 1875 gratia
1240 1812 1342 1860 nostra
1360 1805 1397 1860 ad
1416 1823 1498 1860 suam

442 1892 595 1951 eeclesiam
613 1891 807 1956 remittentes,
828 1906 982 1945 monemus
1009 1889 1224 1946 fraternitatem
1249 1896 1331 1946 tuam
1358 1891 1500 1946 attentius
1513 1894 1656 1944 whomuea

443 1983 470 2033 et
498 1974 684 2041 mandamus,
717 1980 862 2045 quatenus
894 1973 992 2045 ipsum
1023 1973 1101 2029 sieut
1123 1974 1254 2044 priorem
1278 1973 1411 2030 ecelesiae
1441 1979 1500 2031 tuae
1513 1956 1589 2045 iffi,

443 2060 567 2131 benigne
585 2057 722 2129 recipias,
743 2063 773 2114 et
791 2064 914 2129 paterna
931 2057 1156 2114 mansuetudine
1175 2063 1293 2123 tractes,
1315 2057 1401 2130 eique
1420 2059 1500 2114 favo-

443 2162 503 2203 rem
521 2150 607 2202 tuum
626 2142 748 2208 tribuas,
769 2148 804 2197 ut
831 2150 861 2197 et
889 2143 952 2214 ipse
971 2142 1119 2213 prioratus
1139 2141 1265 2197 officium
1283 2142 1377 2213 possit
1394 2141 1501 2198 melius

445 2228 555 2300 exequi,
576 2231 608 2282 et
624 2243 678 2281 nos
696 2225 912 2297 providentiam
931 2243 1015 2281 suam
1043 2242 1079 2280 ex
1104 2225 1159 2281 hoe
1187 2224 1345 2282 debeamus
1372 2242 1430 2282 non
1448 2225 1501 2281 im·

445 2312 546 2369 merito
564 2309 780 2368 commendare.

812 2534 897 2590 LIII.
936 2534 1013 2590 Ionii
1033 2550 1133 2591 monia

478 2675 563 2732 Lioet
590 2675 692 2732 dilecti
720 2675 774 2729 filii
801 2675 895 2730 nostri
923 2674 1004 2745 prior
1030 2681 1060 2732 et
1078 2675 1195 2747 Haymo
1214 2682 1245 2734 et
1262 2677 1453 2734 Eadmundus
1472 2683 1502 2734 et
1513 2685 1629 2781 '1110er

448 2758 621 2817 Humfridus
648 2758 783 2814 monaehi
811 2757 943 2814 ecelesiae
971 2764 1039 2824 tum,
1067 2776 1120 2829 pro
1144 2777 1233 2816 eausa
1256 2778 1340 2815 novae
1370 2762 1501 2816 ecelesia
1513 2736 1652 2841 mm„

448 2861 531 2915 quam
550 2843 668 2914 coepisti
687 2850 717 2898 et
736 2842 803 2898 aliis
823 2843 955 2898 eeclesiae
981 2861 1042 2897 suae
1064 2844 1203 2916 negotiis,
1223 2844 1260 2899 ad
1279 2850 1410 2900 nostram
1427 2862 1502 2916 prae-
1514 2838 1654 2933 ffilgw

449 2928 568 2984 renuam
586 2927 789 2991 secessissent,
810 2926 853 2981 ita
869 2932 968 2982 tamen
993 2927 1126 2983 modeste
1154 2945 1242 2999 super
1269 2929 1316 2983 bis
1335 2946 1418 2983 suam
1436 2946 1501 3000 pro·
1514 2938 1653 2991 minatus

449 3016 605 3081 posuerunt
632 3011 663 3064 in
689 3009 838 3066 audientia
864 3015 966 3066 nostra
984 3011 1144 3081 querelam,
1166 3012 1244 3081 quod
1262 3012 1340 3067 dioto
1358 3012 1406 3066 vel
1426 2988 1646 3082 faotoffiffi,

448 3102 501 3151 tura
519 3114 578 3150 non
595 3095 786 3150 detraxerunt
804 3094 1023 3166 quomodolibet
1047 3097 1203 3151 honestati.
1243 3096 1327 3167 Ipsos
1346 3096 1446 3167 itaque
1465 3096 1502 3152 ad
1514 3089 1613 3183 {ffb
1635 3151 1651 3192 5

449 3197 527 3235 suam
549 3178 705 3234 eeclesiam
723 3180 917 3245 remittentes,
938 3197 1091 3234 monemus
1120 3180 1334 3236 fraternitatem
1360 3186 1441 3235 tuam
1460 3186 1501 3235 at-
1512 3189 1560 3234 and
1589 3189 1614 3234 d·
1652 3170 1658 3189 '

449 3265 553 3319 tentius
573 3269 604 3318 et
621 3263 803 3329 mandamus,
825 3269 969 3334 quatenus
998 3263 1040 3318 eis
1067 3280 1121 3334 pro
1140 3280 1174 3319 eo
1202 3263 1281 3334 quod
1307 3263 1345 3318 ad
1371 3269 1501 3318 nostram
1513 3239 1594 3286 muno,

451 3347 632 3417 praeentiam
650 3352 846 3411 aooesaarnnt,
866 3347 981 3402 nullum
1001 3364 1162 3417 gravamen
1179 3348 1228 3402 vel
1246 3346 1411 3402 molestiam
1428 3347 1501 3400 infe-

451 3448 503 3494 ras,
523 3431 576 3487 sed
595 3448 644 3485 eos
664 3431 741 3486 siout
753 3429 885 3486 ecelesias
903 3436 963 3486 tuae
981 3430 1057 3485 filios
1076 3437 1106 3485 et
1117 3430 1273 3501 religiosos
1290 3431 1370 3485 viros
1382 3435 1503 3502 paterna

452 3512 628 3587 benignitate
656 3520 827 3583 pertractes,
851 3520 881 3570 et
907 3514 937 3568 in
965 3514 1133 3569 interventu
1153 3521 1254 3569 nostro
1278 3514 1377 3570 taliter
1395 3514 1503 3569 habeas

452 3599 672 3660 commendatos,
688 3606 721 3652 ut
739 3598 775 3651 de
788 3599 1012 3653 mansuetudine
1032 3605 1083 3652 tua
1096 3597 1225 3669 gaudere
1244 3598 1349 3653 merito
1368 3599 1501 3663 debeant,

452 3687 477 3736 et
493 3683 612 3737 rinoulo
631 3681 686 3736 tibi
704 3681 865 3737 reddantur
892 3682 1012 3751 majoris
1031 3682 1195 3736 devotionis
1215 3682 1356 3737 adstricti.
1394 3682 1503 3738 Datum

454 3763 582 3821 Veronae.

686 3968 764 4024 LIV.
802 3969 879 4023 Iosn
898 3969 1034 4024 Hururoo
1053 3985 1120 4024 unm
1140 3972 1270 4025 Aroma.

484 4124 558 4180 Cum
578 4123 799 4179 cantuariensis
826 4123 950 4179 eeclesia
976 4122 1052 4177 inter
1080 4123 1152 4178 alias
1178 4124 1263 4196 regni
1283 4123 1327 4180 tui
1345 4127 1445 4183 multae
1466 4127 1632 4204 flituhepope

454 4205 600 4281 dignitatis
619 4213 649 4262 et
666 4207 802 4271 nominis,
823 4207 907 4262 decet
935 4208 1047 4279 regiam
1076 4208 1309 4279 magnitudinem
1327 4209 1420 4281 ipsius
1434 4211 1504 4283 jura
1516 4199 1659 4295 Q&

455 4299 612 4365 protegere,
645 4291 730 4363 eique
761 4292 942 4363 temporibus
968 4292 1027 4346 tuis
1056 4310 1157 4364 paoem
1182 4292 1310 4349 debitam
1340 4294 1503 4366 providere.
1516 4261 1620 4361 faidam

457 4373 520 4432 lude
548 4381 595 4430 est
621 4374 699 4446 quod
724 4374 846 4431 dilectos
867 4375 942 4431 filios
971 4384 1094 4441 nostros,
1119 4376 1247 4448 priorem
1274 4383 1303 4432 et
1330 4384 1504 4433 conventum
1517 4350 1633 4445 mezi?

455 4459 628 4531 prescripta
654 4458 796 4524 eeolesiae,
819 4466 877 4514 tute
900 4460 1069 4514 eelsitudini
1094 4460 1339 4525 commendantes,
1365 4479 1504 4533 rogamus

455 4544 564 4614 regiam
582 4541 793 4608 excellentiam,
815 4559 967 4599 monemus
988 4551 1018 4598 et
1042 4543 1195 4599 hortamur
1214 4544 1243 4598 in
1263 4543 1397 4611 Domino,
1418 4553 1505 4618 atque

456 4623 482 4679 iu
505 4625 708 4681 remissionem
736 4634 924 4697 peccatorum
950 4627 1003 4681 tibi
1023 4627 1216 4698 injungimus,
1238 4634 1381 4699 quatenus
1409 4648 1458 4685 eos
1477 4635 1507 4685 ot

456 4708 581 4780 ipsorum
607 4709 762 4765 eeclesiam
790 4710 890 4765 divino
918 4711 1026 4765 intuitu
1056 4716 1085 4765 et
1104 4712 1229 4783 propriae
1249 4713 1354 4769 salutis
1374 4712 1503 4778 obtentu,

456 4811 560 4850 necnon
590 4794 679 4848 etiam
708 4795 744 4849 ob
775 4795 970 4851 reverentiam
994 4795 1072 4850 beati
1099 4797 1238 4867 martyris
1266 4798 1395 4864 Thomae,
1421 4799 1505 4870 cujus

456 4894 556 4952 corpus
582 4877 708 4933 babetur
733 4879 764 4932 in
792 4880 865 4952 ipsa,
886 4886 973 4951 prout
998 4879 1138 4934 hactenus
1166 4881 1354 4936 laudabiliter
1381 4888 1410 4936 ot
1433 4881 1506 4936 bene

457 4962 559 5028 fecisti,
574 4963 674 5018 loreas
693 4968 722 5018 et
740 4963 889 5028 delendae,
905 4968 1046 5018 eteorum
1066 4963 1215 5020 libertates
1229 4971 1259 5021 ot
1272 4965 1342 5037 jura
1359 4965 1506 5021 custodias

458 5045 575 5112 illibata,
602 5063 655 5101 nec
686 5047 765 5120 ipsos
794 5047 932 5103 indebitis
963 5048 1130 5120 aliquorum
1156 5049 1277 5121 patiaris
1305 5048 1506 5106 vexationibus

458 5129 582 5203 fatigari,
604 5131 646 5186 ita
664 5131 741 5201 quod
760 5148 794 5186 ex
813 5131 867 5186 hoe
887 5131 923 5185 ab
942 5130 1140 5202 omnipotenti
1160 5133 1223 5187 Deo
1240 5132 1394 5203 praemium
1412 5133 1507 5204 possis
