4192 6392
773 1221 932 1270 rmreonr
954 1220 1162 1272 mmnwmr.
1478 1211 1498 1274 3

482 1392 598 1458 Primo
622 1393 728 1480 igitur
751 1394 785 1458 in
820 1394 953 1459 ecclesia
977 1393 1091 1458 Sancti
1116 1393 1278 1481 Stephani
1301 1395 1342 1460 de
1366 1395 1495 1460 Hakin-
1509 1402 1584 1495 {ebbe
1592 1405 1641 1498 3¹22

438 1500 521 1561 tune
554 1499 653 1560 extra
676 1516 788 1560 muros
818 1496 973 1572 civitatis
1000 1496 1172 1561 canonicos
1203 1496 1361 1573 instituit,
1383 1497 1496 1561 volens
1510 1502 1638 1549 uuinton.

438 1619 492 1662 eos
514 1597 642 1663 ibidem
674 1603 801 1663 certum
828 1597 1031 1663 domicilium
1063 1598 1194 1678 habere,
1219 1599 1322 1663 donec
1347 1599 1399 1663 eis*
1416 1600 1496 1664 cele-

438 1699 583 1765 briorem
605 1704 640 1765 et
662 1700 856 1786 ampliorem
892 1699 1048 1765 fundaret
1071 1700 1246 1766 ecclesiam.
1295 1700 1392 1780 Quod
1422 1724 1496 1766 cum

439 1804 619 1870 conventui
646 1803 855 1880 innotuisset,
880 1803 988 1867 missis
1020 1802 1171 1888 pluribus
1206 1802 1247 1868 de
1271 1803 1429 1869 fratribus
1452 1805 1496 1869 ad

439 1902 557 1985 locum,
579 1905 652 1993 ipso
667 1905 909 1991 archiepiscopo
925 1909 1097 1991 praesente,
1114 1905 1150 1968 in
1167 1926 1245 1969 aure
1261 1905 1365 1970 totius
1381 1905 1494 1992 populi

442 2007 498 2091 qui
521 2006 648 2072 adhoc
670 2007 882 2085 confluxerat,
911 2007 1053 2072 secundo
1080 2009 1284 2072 etiamtunc
1306 2008 1496 2072 solemniter
1508 2026 1556 2070 me
1564 2028 1648 2073 monus

442 2108 642 2196 appellatum
680 2114 739 2185 est,
771 2114 842 2175 tam
880 2130 978 2195 super
1010 2108 1222 2174 institutione
1257 2111 1494 2187 canonicorum,
1507 2079 1665 2174 iiwpiiime.

443 2232 539 2296 quam
573 2233 671 2298 super
702 2210 894 2277 detentione
925 2210 1122 2276 ablatorum.
1171 2210 1355 2277 Nitebatur
1381 2218 1494 2277 autem
1524 2188 1646 2287 liis&

445 2313 706 2401 archiepiscopus
738 2313 888 2380 ecclesias
911 2315 947 2378 in
971 2314 1075 2379 fundo
1102 2318 1286 2379 conventus
1309 2315 1390 2380 sitas
1413 2304 1627 2407 sicutlffffim’

444 2419 474 2480 et
495 2437 574 2480 suas
596 2417 861 2503 appraebendare,
878 2416 1018 2482 undeet
1041 2416 1174 2482 clericos
1192 2416 1262 2501 jam
1287 2421 1366 2482 ante
1383 2417 1496 2502 jurare

444 2522 600 2605 coegerat,
634 2519 722 2603 quod
754 2519 927 2585 canoniam
960 2519 1052 2584 illam
1084 2519 1243 2595 foverent,
1270 2524 1304 2585 et
1337 2519 1496 2605 quamdiu

444 2619 592 2686 viverent
621 2619 744 2693 ,modis
782 2621 936 2686 omnibus
982 2627 1221 2707 promoverent.
1284 2621 1373 2686 Nam
1419 2625 1497 2686 anto

445 2721 549 2788 missis
587 2723 696 2789 tribus
734 2745 775 2788 ex
809 2722 967 2789 fratribus
1005 2728 1221 2810 provocatum
1259 2724 1376 2800 fuerat,
1415 2744 1497 2809 quos

445 2823 544 2889 etiem
557 2824 647 2890 idem
663 2826 923 2913 archiepiscopus
937 2829 1135 2913 provocatus
1158 2825 1194 2889 in
1209 2825 1340 2890 diversa
1354 2824 1499 2890 claustra

445 2926 589 2991 retrusit.
635 2927 711 3008 Qua
741 2929 777 2992 in
809 2951 844 2994 re
867 2933 1049 2994 conventus
1076 2927 1223 2993 matricis
1246 2927 1388 2994 ecclesiae
1422 2926 1499 2991 sub-

446 3028 629 3095 versionem
651 3035 721 3095 tcm
749 3030 784 3096 in
815 3031 1043 3118 spiritualibus
1067 3053 1165 3117 quam
1195 3029 1232 3094 in
1262 3028 1500 3116 temporalibus

447 3131 646 3219 conspiciens
678 3131 858 3210 imminere,
880 3133 1023 3220 amplius
1046 3132 1147 3220 coepit
1179 3131 1363 3209 formidare,
1395 3130 1501 3196 anim·

447 3235 624 3301 advertens
655 3237 743 3321 quod
780 3243 941 3322 quantum
979 3235 1038 3300 illa
1072 3240 1237 3311 cresceret,
1276 3235 1343 3299 ista
1376 3234 1501 3299 decres-

448 3342 543 3418 ceret,
567 3358 643 3422 qnae
665 3337 750 3402 nihil
772 3337 892 3402 hebuit
914 3337 1003 3402 unde
1038 3336 1096 3400 illa
1119 3337 1299 3413 dotaretur,
1323 3335 1389 3401 nisi
1412 3337 1499 3422 quod

447 3439 575 3505 matrici
590 3438 826 3505 detraheretur.
863 3440 1129 3505 Prosecutionem
1145 3438 1248 3525 igitur
1270 3438 1499 3525 appellationis
1512 3457 1663 3501 mornaco

447 3562 503 3627 per
533 3542 676 3629 priorem
699 3542 886 3607 Honorium
918 3548 953 3607 et
986 3543 1068 3607 alios
1099 3541 1280 3605 confratres
1302 3546 1439 3618 nostros,
1465 3510 1662 3610 ectttffloa

448 3645 555 3709 varios
578 3644 656 3709 hinc
679 3645 756 3709 inde
778 3667 889 3710 rerum
906 3651 1045 3709 eventus
1062 3644 1119 3728 qui
1136 3644 1335 3720 acciderunt,
1352 3645 1498 3730 epistolae
1511 3610 1650 3705 iiirif’mm

449 3746 682 3831 nrbsequentes
703 3747 804 3811 latius
827 3753 1077 3834 prosequuntur.
1513 3748 1664 3793 ffiffl⁰¹¹⁸⁰f

1513 3801 1561 3844 this
1569 3800 1636 3844 book.

490 3849 670 3915 Sciendum
693 3873 771 3915 sane
795 3853 884 3936 quod
910 3851 993 3916 liber
1015 3853 1077 3915 iste
1104 3858 1170 3915 tres
1195 3851 1342 3916 continet
1365 3851 1500 3915 distinc-
1514 3874 1532 3913 r.
1545 3869 1626 3935 moenv

450 3952 562 4018 tiones
610 3953 757 4032 Quarum
780 3955 887 4040 primo
901 3954 1072 4019 exordium
1089 3953 1159 4018 litis
1174 3954 1235 4018 sub
1253 3953 1443 4019 Baldewino
1466 3959 1500 4018 et
1512 3919 1674 4064 {iffffipp

450 4075 578 4121 cursum
601 4076 704 4142 usque
728 4055 771 4121 ad
794 4062 933 4121 mortem
959 4056 1089 4121 Urbani
1120 4079 1213 4143 papae
1245 4055 1500 4143 comprehendit,
1514 4068 1634 4115 oroma

450 4157 539 4243 cujus
562 4159 728 4224 sententia
751 4159 924 4224 definitum
948 4165 1005 4237 est,
1029 4164 1069 4224 ut
1093 4159 1217 4245 capella
1240 4158 1281 4224 de
1305 4159 1503 4225 Hakintune

451 4261 515 4325 suis
545 4259 774 4327 fundamentis
807 4267 1012 4347 aequaretur3
1047 4263 1138 4328 locus
1175 4262 1274 4326 etiam
1307 4261 1503 4327 maledictus

451 4360 626 4427 haberetur
655 4367 689 4427 et
720 4363 883 4450 profanus.
929 4364 1083 4428 Secunda
1106 4386 1211 4428 causeo
1234 4364 1405 4428 conflictus
1429 4370 1535 4428 con-²·
1548 4365 1666 4410 rmmtne

1516 4416 1586 4460 doeth
1595 4417 1621 4459 or

451 4464 537 4529 tinet
571 4485 592 4528 a
623 4465 819 4550 pontificatu
852 4466 1009 4552 Gregorii,
1043 4463 1235 4542 Clementis
1266 4471 1300 4529 et
1331 4464 1502 4530 Coelestini
1515 4465 1652 4563 {lomb}

454 4565 656 4653 temporibus
689 4588 794 4653 usque
817 4568 860 4632 ad
883 4566 981 4653 hujus
1006 4567 1180 4634 Coelestini
1213 4588 1389 4645 excessum,
1412 4567 1505 4652 cujus
1516 4568 1630 4665 ffirfflw

453 4668 648 4734 auctoritate
661 4669 821 4756 praedicta
835 4670 959 4757 capella
973 4671 1108 4736 tandem
1124 4669 1283 4736 demolita
1297 4674 1354 4736 est.
1392 4669 1506 4735 Tertio

453 4770 598 4836 continet
621 4770 871 4837 suscitationem
894 4794 999 4838 caueae
1022 4772 1065 4838 ab
1087 4771 1327 4859 archiepiscopo
1351 4772 1674 4886 Huberwffllffi‘

455 4870 513 4937 sub
535 4893 624 4959 papa
639 4871 845 4952 Innocentio,
859 4897 963 4962 usque
982 4874 1025 4939 od
1052 4874 1297 4940 demolitionem
1318 4873 1449 4960 capellae
1465 4872 1505 4936 de
1517 4884 1655 4937 mumma

458 4971 608 5052 Lemhee
633 4981 669 5038 et
691 4997 794 5043 causae
816 4979 996 5043 terminum
1020 5000 1078 5064 per
1101 4977 1377 5064 compositionem.
1447 4949 1465 4972 ⁹
1519 4935 1619 4979 num

1305 5093 1328 5143 A
1353 5082 1372 5141 2
