4192 6392
617 1168 661 1231 84
904 1182 1076 1233 armona
1099 1178 1386 1245 esurummssss,

465 1365 587 1412 amm.
617 1360 726 1420 vester,
755 1361 786 1411 et
811 1356 890 1427 quod
917 1357 1044 1428 amplius
1070 1360 1169 1413 movet
1194 1373 1248 1411 uos
1275 1362 1306 1412 et
1331 1372 1450 1412 movere
1479 1353 1577 1421 debet,
1603 1351 1671 1409 inde

449 1416 596 1532 Hm
618 1438 736 1494 domino
763 1441 829 1510 regi
857 1440 990 1496 Franciae
1021 1441 1235 1512 querimoniam
1265 1441 1411 1513 deposuit,
1439 1439 1523 1496 nobis
1553 1439 1672 1495 omnino

448 1528 575 1624 &unffi-
618 1524 786 1595 praeteritis.
824 1525 911 1580 'I'este
929 1525 1076 1582 Randulfo
1095 1524 1131 1582 de
1150 1524 1308 1581 Glauvilla.

448 1629 589 1734 &fab

449 1730 544 1774 m
620 1748 655 1805 O.
685 1748 1100 1806 Gosvsuruscsurusmssm
1112 1750 1271 1807 Wmnsnuo
1289 1751 1423 1806 senso
1441 1762 1670 1806 incursrsacoro.

449 1898 607 1943 numme
656 1879 773 1936 Gratias
786 1880 902 1952 agimus
915 1880 1108 1952 generositati
1120 1886 1227 1937 vestre
1246 1897 1335 1952 super
1352 1880 1461 1936 honore
1475 1896 1563 1952 quem
1580 1877 1672 1952 priori

447 1948 588 2053 ffiffig
619 1970 728 2029 nostro,
749 1983 816 2020 cum
835 1965 913 2036 apud
939 1983 991 2021 ros
1010 1970 1098 2030 esset,
1119 1972 1149 2021 ct
1166 1964 1250 2021 nobis
1269 1964 1404 2021 omnibns
1429 1965 1461 2020 in
1479 1964 1544 2036 ipso
1561 1964 1672 2035 impon-

448 2049 582 2094 «ΝΜ
620 2047 715 2104 distis.
754 2048 829 2104 Rem
850 2049 997 2120 siquidem
1016 2049 1128 2105 fecistis
1147 2050 1251 2121 generi
1268 2056 1367 2105 vestro
1386 2054 1417 2104 et
1433 2048 1543 2103 virtute
1561 2046 1672 2117 dignis·

447 2099 602 2195 ffldffl'
621 2133 736 2199 simam,
757 2132 958 2204 indigentibus
978 2133 1181 2205 compatiendo
1205 2140 1235 2189 et
1261 2133 1371 2205 injuste
1395 2132 1552 2204 oppressis.
1590 2130 1671 2201 Inju·

466 2200 599 2295 '‘wau'‘
620 2217 695 2272 riam
723 2217 832 2288 quippe
858 2218 920 2288 pati
946 2235 1113 2288 possumus,
1133 2218 1229 2273 facere
1247 2234 1318 2274 vero
1335 2216 1457 2272 minime
1475 2215 1573 2281 etiam,
1593 2213 1672 2285 quod

449 2300 544 2348 Μω-
619 2299 706 2365 absit,
720 2301 746 2356 si
758 2300 894 2356 velimus.
933 2301 1083 2357 Potestate
1101 2318 1227 2373 namque
1245 2300 1449 2373 opprimimur,
1469 2304 1671 2370 contraquam

618 2383 726 2439 mutire
744 2385 827 2440 nefas
846 2390 900 2449 est,
920 2390 951 2440 et
977 2403 1045 2440 cum
1064 2404 1141 2457 saepe
1168 2385 1251 2458 pium
1277 2386 1317 2441 sit
1334 2384 1502 2451 dissentire,
1521 2383 1672 2439 dissonare

617 2486 675 2524 non
705 2468 784 2523 licet.
833 2467 1040 2540 Supplicamus
1069 2471 1168 2542 itaque
1199 2470 1348 2526 sanctitati
1374 2474 1482 2525 restrae
1511 2484 1612 2523 omnes
1641 2472 1672 2522 et

617 2551 738 2623 singuli,
759 2558 903 2624 quatenus
922 2569 976 2623 pro
994 2552 1066 2619 Deo,
1087 2560 1117 2609 et
1142 2554 1264 2625 gloriosi
1288 2554 1428 2625 martyris
1446 2552 1565 2607 Thomas
1589 2567 1671 2608 reve-

617 2636 723 2701 rentia,
737 2652 856 2691 causam
869 2635 1090 2692 Cantuariensis
1110 2638 1251 2701 ecclesiae,
1266 2638 1292 2693 si
1305 2638 1402 2692 visum
1416 2654 1475 2691 non
1492 2642 1538 2692 est
1554 2635 1671 2691 domino

617 2737 700 2791 papoe
726 2720 939 2784 commendare,
960 2720 1066 2776 saltem
1092 2739 1165 2793 erga
1187 2721 1338 2776 dominum
1363 2738 1476 2792 regem,
1496 2727 1527 2776 et
1544 2718 1670 2775 Ricardo

618 2804 719 2860 comiti
736 2821 795 2859 non
812 2805 930 2860 omittas
948 2822 1129 2877 promovere.
1167 2804 1209 2861 Ut
1227 2805 1306 2860 cuim
1323 2804 1493 2876 paternitati
1509 2808 1616 2861 vostra
1634 2802 1671 2859 ad

617 2906 725 2959 purum
737 2889 835 2944 omnia
846 2889 1038 2955 innotescant,
1052 2888 1194 2945 noveritis
1213 2890 1351 2961 quoniam
1369 2906 1404 2945 eo
1421 2905 1516 2961 usqne
1528 2889 1672 2961 processit

617 2972 853 3027 adversariorum
871 2973 1010 3043 potentia,
1030 2978 1065 3028 ut
1085 2990 1139 3028 nec
1162 2973 1369 3044 permittamur
1389 2972 1534 3029 mandatis
1558 2979 1672 3045 aposto

448 3065 569 3110 much·
616 3055 683 3111 licis
702 3056 756 3121 uti,
783 3062 814 3112 et
836 3056 887 3126 jus
914 3063 1048 3112 nostrum
1066 3056 1151 3112 nobis
1169 3057 1360 3128 prohibeatur
1379 3056 1546 3128 suffragari.
1584 3057 1671 3114 Curn-

447 3116 588 3261 Effflnss
619 3158 676 3210 que
703 3139 792 3196 rebus
820 3139 937 3211 spoliati
956 3139 1049 3196 simus
1076 3147 1106 3196 et
1131 3141 1259 3212 antiquis
1285 3140 1418 3215 ecelesias
1443 3146 1551 3196 nostrae
1576 3140 1671 3212 digni·

449 3228 593 3314 thwdmn
619 3223 738 3289 tatibus,
758 3223 817 3279 nisi
835 3223 980 3279 Dominus
999 3224 1153 3281 fundasset
1166 3224 1254 3294 Syon,
1275 3223 1332 3293 Qui
1350 3225 1454 3295 utique
1473 3229 1503 3280 et
1520 3240 1672 3281 conserva·

478 3280 510 3312 ⁰⁰
528 3280 569 3313 um
617 3307 662 3363 bit
692 3325 766 3373 eam,
798 3308 829 3363 in
856 3307 967 3362 malum
997 3307 1212 3379 desperationis
1239 3308 1464 3374 corruissemus,
1495 3314 1526 3365 et
1554 3306 1673 3379 lugeret

617 3392 743 3447 eeclesia
769 3391 826 3446 Dei
858 3390 1107 3448 inconsolabiliter
1133 3392 1197 3448 sine
1223 3409 1275 3463 spe
1301 3391 1485 3465 resurgendi.
1523 3390 1579 3449 Pia
1603 3398 1672 3449 vota

616 3485 716 3536 vestra
734 3478 815 3535 Deus
832 3485 1011 3550 promoveat.

474 3727 572 3778 ,um
813 3691 863 3748 CI.
900 3694 976 3748 Iucu
995 3693 1221 3750 Roruousasun
1240 3709 1468 3751 sucumuseoro.

449 3834 604 3879 absconsam
643 3817 720 3887 Quot
727 3818 886 3886 molestias,
898 3839 964 3892 quae
973 3823 1154 3893 gravamina,
1164 3841 1199 3877 cx
1212 3840 1270 3895 quo
1279 3823 1384 3880 faciem
1393 3830 1523 3879 vestram
1531 3822 1669 3887 vidimus,

447 3885 592 3989 ffi'ss'ffl
616 3903 696 3973 passi
705 3903 858 3970 fuerimus,
868 3911 898 3961 et
909 3906 993 3960 nobis
1006 3906 1128 3977 longum
1141 3912 1219 3963 esset
1232 3924 1367 3962 enarrare
1380 3914 1410 3964 et
1422 3908 1505 3962 vobis
1517 3906 1669 3962 taediosum

447 3986 561 4080 gfflssffl
618 3985 729 4042 audire.
768 3986 880 4043 Verum
896 3990 1261 4046 utinsummasitdicerc
1275 4009 1339 4062 queo
1352 3991 1528 4062 singillatim
1539 3990 1672 4046 dinume·

448 4049 587 4140 munidop
618 4071 678 4127 rari
690 4078 847 4143 nequeunt,
861 4073 978 4130 noverit
988 4075 1149 4146 paternitas
1161 4080 1261 4131 vestra
1279 4075 1416 4147 quoniam
1428 4091 1486 4130 non
1502 4075 1589 4130 modo
1606 4093 1672 4148 pos·

447 4136 572 4241 {fflff
619 4155 798 4212 sessionibus
812 4158 863 4213 sed
876 4164 906 4213 et
918 4158 1113 4229 dignitatibus
1125 4159 1255 4230 antiquis
1268 4160 1385 4231 spoliati
1404 4177 1522 4227 sumus;
1537 4161 1671 4215 dominus

447 4240 570 4333 matt
618 4241 697 4296 enim
728 4241 964 4314 archiepiscopus
995 4243 1052 4299 sibi
1083 4244 1181 4298 omnia
1210 4243 1354 4307 vendicat,
1381 4242 1515 4299 homines
1545 4250 1670 4309 nostros,

448 4301 563 4402 tulupa·
618 4326 758 4391 maneria,
779 4326 869 4382 etiam
887 4327 1008 4393 curiam,
1023 4328 1055 4382 in
1073 4345 1132 4398 qua
1144 4328 1273 4383 solemus
1292 4345 1309 4382 a
1325 4327 1521 4384 fundamentis
1539 4329 1672 4384 ecclesiae

448 4391 538 4443 ηομ
618 4411 785 4466 hominibus
796 4411 905 4467 uostris
920 4411 1070 4481 justitiam
1088 4412 1239 4478 exhibere3
1261 4429 1326 4482 quse
1344 4414 1443 4468 omnia
1459 4418 1548 4467 eartae
1566 4430 1672 4483 regum

617 4495 794 4565 antiquaret
820 4495 967 4551 modemae
994 4496 1078 4552 nobis
1098 4496 1279 4561 confirmant,
1300 4497 1378 4552 sicut
1396 4502 1426 4551 et
1444 4496 1672 4569 archiepiscopis

615 4578 725 4633 nostris
745 4595 799 4633 sua
810 4579 916 4634 omnia.
950 4579 1067 4635 Statum
1085 4586 1229 4651 praeterea
1240 4578 1372 4636 ecclesia)
1390 4580 1498 4635 bonnm
1509 4584 1540 4635 et
1556 4586 1672 4636 rectum

616 4660 759 4715 divellere
778 4663 937 4729 contendit,
957 4682 975 4720 a
1000 4664 1267 4736 praedecessoribus
1294 4668 1325 4719 et
1349 4663 1386 4718 ab
1414 4664 1478 4735 ipso
1496 4663 1672 4736 quandoque

616 4745 818 4816 approbatum,
839 4754 869 4802 et
896 4765 914 4803 a
940 4748 1064 4804 summis
1083 4747 1269 4820 pontificibus
1288 4746 1507 4814 confirmatum
1535 4753 1566 4804 et
1593 4749 1672 4820 quod

616 4824 774 4885 dolendum
791 4831 875 4887 nobis
894 4836 948 4898 est,
968 4850 1021 4903 per
1048 4830 1201 4887 dominum
1225 4848 1328 4902 regem
1354 4831 1452 4887 omnia
1469 4836 1617 4902 operatur,
1637 4839 1672 4888 nt

447 4922 761 4978 maathicasserunt.
808 4914 946 4971 intendat
972 4932 1043 4986 ergo
1069 4916 1176 4972 caritas
1202 4923 1301 4971 vestra
1327 4933 1380 4988 pro
1407 4915 1463 4970 Dei
1490 4922 1521 4972 et
1548 4916 1672 4987 gloriosi

448 4977 563 5071 ffgfifm'
617 5000 758 5070 martyris
770 5000 890 5056 'Pbomae
908 4998 1084 5064 reverentia,
1099 5004 1129 5053 et
1146 5017 1214 5055 cum
1231 5000 1314 5055 locus
1327 5006 1378 5055 aut
1389 5005 1506 5071 tempus
1524 5000 1671 5066 inciderit,

617 5089 716 5155 partes
735 5089 849 5140 vestras
867 5102 921 5155 pro
939 5083 1118 5156 pauperibus
1136 5083 1322 5157 interponere
1340 5100 1398 5141 non
1416 5084 1569 5141 omittatis.
1604 5082 1671 5141 Hoc
