4192 6392
618 1156 683 1217 256
906 1168 1079 1217 nrrsroun
1102 1167 1390 1249 cmmmisxsm,

469 1424 589 1517 Afflm'
632 1409 820 1465 COLXXIV.
852 1408 1019 1464 causarer
1039 1408 1255 1464 Cisrammssr
1273 1426 1396 1464 sairam
1415 1409 1671 1467 clarummane)

536 1487 561 1516 ΕΓ

475 1524 541 1577 Sept.
550 1529 581 1568 14.
654 1528 761 1582 Varios
785 1527 901 1582 viarum
928 1534 1049 1583 eventus
1078 1546 1150 1599 quos
1177 1529 1335 1583 incidimus
1354 1527 1530 1585 Cistercium
1559 1529 1674 1600 profici·

450 1591 582 1685 ffiffit
620 1618 745 1674 scentes,
758 1611 837 1666 mala
854 1628 971 1681 quoqne
991 1630 1057 1682 quae
1066 1613 1253 1682 pertulimus,
1267 1629 1322 1666 neo
1340 1612 1424 1667 nobis
1437 1621 1675 1667 transnumerare

450 1693 582 1787 ffiglffiff
619 1704 787 1766 promptum
805 1700 892 1757 esset,
906 1712 960 1748 nec
978 1695 1060 1749 vebis
1073 1696 1148 1750 forte
1167 1695 1268 1750 audire
1287 1713 1422 1750 vaenum.
1458 1696 1502 1749 Ea
1518 1714 1589 1750 vero
1608 1714 1674 1767 quas

451 1771 587 1847 grentam·
619 1781 771 1849 negotium
801 1779 983 1849 contingunt,
1015 1778 1094 1848 qued
1121 1796 1175 1847 pro
1206 1778 1324 1834 Christo
1355 1780 1535 1850 suscepistis,
1569 1785 1600 1833 et
1628 1797 1674 1834 ec·

451 1844 591 1938 ffilfflom
620 1862 718 1917 clesiae
743 1862 911 1916 defensione
935 1862 965 1915 in
991 1880 1050 1932 qua
1067 1862 1130 1916 Deo
1155 1862 1299 1927 militatis,
1319 1869 1350 1917 et
1375 1881 1427 1917 nos
1453 1881 1588 1917 enmrare
1606 1881 1675 1919 eon·

451 1945 541 1989 ²¹³¹»ss-
620 1947 711 2010 veuit,
739 1952 769 2001 et
786 1964 839 2001 vos
864 1963 950 2000 nosse
977 1947 1177 2000 necessarium
1202 1947 1388 2000 arbitramur.
1424 1947 1530 2016 Itaque
1555 1947 1674 2003 abbates

622 2048 723 2084 omnes
747 2029 858 2084 ordinis
878 2028 1093 2094 cisterciensis,
1114 2047 1187 2100 quos
1212 2030 1306 2084 obiter
1332 2031 1530 2096 convenimus,
1550 2031 1675 2102 qualita-

622 2120 683 2168 tem
702 2113 780 2167 enim
798 2113 910 2183 negotii
924 2113 987 2183 jam
1005 2114 1068 2168 lere
1086 2114 1186 2167 nullus
1204 2114 1330 2184 ignorat,
1344 2115 1471 2184 compati
1484 2115 1631 2169 credimus
1644 2123 1676 2170 et

621 2197 787 2261 condolere,
801 2197 832 2251 iu
852 2214 910 2267 qua
929 2197 1155 2261 confunduntur,
1169 2197 1316 2251 afflictioni
1330 2204 1452 2262 vestrae;
1473 2199 1674 2270 spondentque

542 2280 544 2284 ’
621 2297 721 2334 omnes
748 2285 778 2335 et
803 2280 914 2350 singuli
933 2297 968 2334 ea
986 2297 1051 2350 quae
1077 2279 1114 2333 ad
1140 2297 1243 2350 paoem
1267 2286 1396 2335 vestram
1421 2288 1490 2335 sunt
1515 2281 1675 2353 diligenter

602 2364 746 2431 ‚efficere
775 2364 892 2434 publice
919 2368 1113 2433 protestantes
1131 2381 1214 2417 novae
1233 2364 1432 2418 fundationem
1460 2364 1591 2419 ecclesius
1617 2366 1674 2419 sibi

621 2447 795 2501 omnimodis
826 2446 994 2517 displicere.
1031 2445 1143 2501 Vident
1165 2447 1315 2513 nimirum,
1335 2448 1362 2503 si
1389 2449 1512 2512 steterit,
1542 2449 1675 2504 ordinem

620 2538 651 2585 et
671 2532 853 2586 honestatem
879 2529 1010 2584 ccclesia
1027 2536 1135 2585 vestra
1160 2531 1308 2602 exipsius
1332 2531 1470 2586 affinitate
1488 2531 1675 2602 dispendium

453 2639 593 2693 phem„
620 2622 733 2670 certum
752 2621 782 2670 et
806 2614 1014 2669 detrimentum
1041 2614 1200 2668 incurrere.
1238 2614 1380 2670 Dominus
1409 2633 1524 2686 quoque
1551 2617 1675 2671 Atreba

452 2692 595 2786 ffifflffid
620 2699 721 2763 tensis,
755 2699 805 2767 qui
836 2697 987 2752 deminum
1026 2697 1279 2767 archiepiscopum
1314 2716 1408 2768 nuper
1444 2699 1610 2765 instantius,
1641 2706 1675 2755 ut

452 2754 581 2845 ροηιιιιῐιι
621 2782 736 2847 asserit,
757 2799 845 2851 super
863 2781 917 2835 hae
935 2799 968 2835 re
987 2781 1124 2836 convenit
1148 2781 1178 2834 in
1196 2781 1384 2846 Normannia,
1405 2783 1436 2836 in
1452 2782 1534 2837 nullo
1552 2784 1589 2837 ab
1608 2785 1675 2839 aliis

450 2841 601 2943 ffl’fff
621 2866 777 2921 dissentire
806 2864 932 2928 videtur,
965 2864 1018 2919 sed
1048 2869 1130 2918 tanto
1159 2864 1247 2919 altius
1277 2865 1377 2920 dolore
1409 2866 1546 2932 morderi,
1567 2874 1676 2938 quanta

453 2907 547 2989 [Mle
621 2950 755 3005 dolorum
790 2948 1003 3002 immanitatem
1037 2947 1179 3018 propius²
1215 2949 1349 3013 intuitus,
1376 2950 1521 3005 malorum
1556 2969 1675 3006 causam

621 3033 688 3088 aliis
707 3033 844 3088 subtilius
863 3032 1001 3087 intuetur.
1033 3031 1190 3097 Caeterum,
1204 3036 1238 3086 ut
1255 3050 1290 3086 ex
1308 3033 1406 3088 verbis
1419 3033 1483 3103 ejus
1496 3033 1674 3105 colligimus,

622 3117 653 3170 in
671 3124 753 3187 patre
771 3122 871 3170 nostro
888 3115 1018 3169 animum
1043 3121 1198 3186 paternum
1217 3133 1288 3186 erga
1305 3118 1381 3171 filios
1406 3117 1535 3172 nondum
1553 3118 1674 3173 invenit.

622 3201 733 3255 Putant
756 3200 858 3272 aliqui,
879 3199 957 3270 quod
984 3199 1069 3265 absit,
1091 3216 1158 3254 eum
1183 3200 1214 3252 in
1237 3207 1331 3255 morte
1357 3201 1482 3256 fratrum
1508 3207 1676 3256 nostrorum

622 3285 814 3348 consolatum,
845 3284 878 3337 in
909 3282 1060 3354 proposito
1090 3283 1267 3354 persistendi
1298 3283 1500 3338 confidentiam
1529 3286 1677 3357 accepisse

622 3369 774 3439 majorem,
795 3367 879 3439 quasi
896 3365 1072 3421 miraculose
1091 3366 1195 3421 fecerit
1211 3385 1264 3437 pro
1283 3384 1316 3421 eo
1329 3367 1480 3432 Dominus,
1494 3386 1561 3422 cum
1579 3370 1677 3439 petius

622 3457 667 3507 tot
680 3471 780 3507 casum
798 3452 926 3505 filiorum
938 3468 971 3504 ee
983 3450 1097 3514 talium,
1111 3452 1158 3504 cui
1172 3468 1290 3505 causam
1301 3451 1417 3506 dedisse
1429 3452 1554 3517 videtur,
1570 3452 1678 3507 deflere

452 3559 564 3603 'theirre-
624 3536 786 3590 credendus
805 3536 853 3590 sit.
887 3535 923 3588 In
941 3552 1063 3605 quorum
1083 3541 1187 3599 morte,
1200 3543 1338 3606 tauquam
1356 3537 1452 3591 hostia
1469 3537 1677 3606 prouniversi·
1743 3580 1745 3584 .

453 3611 607 3704 {figls‘l’nstfns
625 3625 685 3673 tate
704 3627 804 3675 vestra
822 3620 926 3682 soluta,
941 3618 1067 3672 Domino
1085 3620 1271 3689 complacata,
1286 3638 1436 3689 speramus
1455 3620 1533 3690 quod
1551 3621 1678 3675 cessabit

454 3674 611 3755 thobgtdrdn
627 3704 791 3773 quassatio;
810 3710 840 3757 et
851 3703 1035 3772 reputabitur
1046 3703 1129 3757 vobis
1143 3704 1224 3757 labor
1243 3703 1290 3757 hic
1309 3704 1511 3774 adjustitiam,
1526 3723 1543 3758 a
1556 3723 1675 3774 genera·
1689 3733 1729 3776 p,
1735 3734 1812 3785 cvm

453 3765 480 3804 δι
489 3762 568 3805 ΗΘΜ·
625 3787 704 3840 tione
717 3787 747 3839 iu
762 3787 989 3856 generationem,
1005 3795 1035 3840 et
1046 3805 1140 3855 usque
1153 3787 1183 3840 in
1196 3789 1414 3858 sempiternum.
1438 3788 1567 3858 Corpora
1579 3796 1676 3844 autem

626 3888 727 3924 eorum
746 3871 776 3924 in
797 3888 867 3940 pace
886 3869 1002 3939 sepulta
1020 3879 1097 3936 suut,
1118 3876 1148 3925 et
1170 3872 1251 3926 vivet
1268 3890 1373 3926 nomen
1391 3890 1493 3925 eorum
1511 3873 1541 3924 in
1559 3874 1814 3941 saecula,p3001u„1p

627 3955 801 4024 felicemque
821 3954 932 4023 negotii
949 3955 1040 4007 vestri
1059 3956 1345 4021 consummationem,
1366 3974 1453 4025 quam
1470 3956 1602 4011 viventes
1620 3953 1723 4011 non14·

627 4044 794 4108 potueruut,
808 4038 915 4092 mortui
928 4056 946 4091 a
957 4037 1045 4092 Patre
1063 4040 1330 4093 misericordiarum
1342 4040 1521 4105 obtinebunt,
1536 4041 1678 4095 immolati

628 4140 682 4193 pro
695 4122 828 4175 omuibus
847 4123 939 4176 vobis.
976 4123 1065 4176 Absit
1076 4123 1154 4177 enim
1172 4130 1205 4176 ut
1224 4125 1293 4193 quia
1312 4125 1487 4189 ceciderunt,
1502 4142 1551 4178 ees
1570 4125 1678 4195 aliquis

456 4235 604 4281 manuario-
630 4225 748 4260 causam
779 4207 918 4276 injustam
948 4207 1048 4262 credat
1075 4208 1247 4261 conlevisse.
1285 4208 1367 4262 Dixit
1392 4226 1518 4278 namque
1544 4210 1677 4264 ethnicus

453 4289 587 4381 lffiffigt
626 4308 684 4344 nou
714 4291 811 4344 minus
840 4308 928 4344 verus
959 4309 1046 4360 quam
1076 4291 1194 4361 impius,
1227 4291 1363 4345 “Careat
1387 4292 1571 4346 successibus
1598 4300 1675 4364 epte,
1690 4316 1814 4368 OvidAEpa

454 4351 613 4450 beatimites
631 4379 650 4401 “
673 4373 812 4452 Quisquis
831 4375 867 4428 ab
886 4382 992 4428 eventu
1010 4377 1087 4429 lacta
1104 4374 1229 4429 notanda
1246 4376 1360 4446 putat.'’
1396 4376 1544 4446 Propheta
1561 4396 1677 4448 quoque
1689 4367 1763 4411 Μ·

456 4440 575 4533 ffiffiffi,
633 4478 650 4514 a
670 4478 701 4513 se
719 4476 809 4529 prope
828 4459 944 4512 illectus
964 4467 993 4512 et
1011 4460 1183 4524 abstractus,
1198 4477 1265 4513 eum
1282 4460 1375 4513 males
1390 4460 1420 4512 in
1438 4460 1546 4514 mundo
1564 4462 1677 4527 florere,

456 4552 554 4585 mecm·
636 4562 666 4599 se
685 4551 783 4597 autem
802 4543 885 4613 quasi
900 4543 963 4612 jam
989 4543 1051 4596 sine
1070 4561 1157 4597 causa
1175 4560 1224 4596 cor
1242 4562 1328 4597 suum
1342 4544 1520 4613 justificasse
1547 4547 1678 4611 sentiret,

634 4632 653 4654 “
675 4628 707 4682 Si
734 4627 896 4691 dicebam‚''
916 4626 1011 4696 iuquit
1030 4630 1049 4653 ‘⁴
1062 4627 1185 4680 narrabo
1209 4627 1260 4692 sie,
1287 4645 1353 4682 ecce
1380 4629 1526 4681 nationem
1553 4629 1681 4685 filiorum
1693 4652 1814 4700 nnn-121

669 4848 676 4877 ¹
695 4845 751 4894 The
760 4846 853 4894 annual
861 4845 965 4907 chapter
973 4844 1001 4892 os
1009 4845 1051 4893 the
1060 4847 1133 4894 order
1185 4845 1285 4894 Statura
1301 4847 1364 4912 Cup.
1378 4847 1439 4896 Gen.
1456 4847 1516 4898 Ord.
1533 4851 1681 4913 escussar-

634 4926 781 4976 osCiteaux
793 4940 843 4973 was
855 4923 911 4973 held
924 4923 1011 4972 atthis
1027 4924 1132 4973 timeon
1182 4933 1238 4975 tene
1257 4928 1306 4974 aud
1326 4927 1440 4987 Durium,
1465 4927 1613 4990 Thesaurus,
1632 4933 1680 4983 IV.

635 5021 665 5054 or
676 5008 751 5055 about
763 5003 805 5053 the
815 5004 879 5053 least
889 5003 919 5050 ol
931 5002 973 5051 the
985 5002 1132 5052 Exultatien
1187 5010 1256 5062 1260,
1271 5011 1342 5056 1307.

632 5084 662 5131 ef
669 5083 712 5132 the
723 5083 792 5148 Iloly
802 5082 886 5143 Cress,
895 5081 963 5146 Sept.
974 5086 1011 5131 14.
1037 5080 1132 5130 selecta
1215 5086 1226 5116 ²
1237 5087 1355 5152 propias]
1375 5088 1506 5151 propitius,
1518 5088 1576 5140 MS.
