4192 6392
614 1178 679 1243 426
894 1190 1068 1241 1111110111
1091 1184 1387 1248 0111111111111,

463 1375 586 1421 11111101.
613 1366 633 1390 “
652 1380 742 1435 super
760 1379 876 1418 omnem
893 1363 1034 1418 terram.’'
1073 1362 1203 1433 Quorum
1220 1381 1298 1418 nunc
1316 1361 1416 1418 floruit
1433 1361 1526 1417 honor
1551 1366 1584 1417 et
1600 1378 1674 1418 eon·

441 1447 581 1501 Popolnno
611 1450 735 1503 fortatus
754 1454 799 1503 est
815 1448 1007 1519 principatus,
1028 1466 1095 1503 cum
1113 1447 1292 1504 reverendus
1311 1447 1499 1502 Innocentius
1518 1446 1571 1502 diu
1589 1445 1675 1502 labo·
1735 1463 1808 1508 ems

442 1500 566 1602 &iiiior
609 1533 701 1588 rantis
731 1533 905 1588 innocentiae
934 1551 1053 1588 eausam
1091 1533 1231 1604 suscepit,
1263 1532 1312 1588 eui
1349 1550 1407 1588 non
1444 1537 1506 1587 tam
1543 1531 1676 1586 contulit
1700 1512 1724 1557 ⁷·

443 1600 480 1643 Μ’
488 1602 596 1654 1011101·
609 1616 748 1673 cathedra
774 1617 873 1681 decus,
901 1635 989 1686 quam
1016 1635 1034 1671 a
1060 1617 1236 1688 praesidente
1264 1617 1403 1688 suscepit,
1433 1616 1484 1687 qui
1514 1615 1674 1686 apostolici

607 1719 759 1773 possessor
776 1702 894 1757 honoris
919 1701 1026 1757 habere
1052 1701 1202 1757 contendit
1220 1706 1251 1755 et
1268 1702 1416 1766 meritum,
1437 1705 1467 1754 et
1485 1698 1564 1755 sicut
1583 1705 1673 1755 crate·

607 1787 649 1842 ris
674 1795 720 1842 est
744 1786 886 1857 dignitate
905 1787 1102 1855 praestantior,
1128 1785 1282 1840 sanctitate
1308 1803 1424 1856 quoque
1455 1801 1520 1838 esse
1545 1790 1673 1839 conatur

608 1872 745 1926 ornatior.
801 1869 875 1924 Inde
906 1877 951 1926 est
981 1869 1060 1942 quod
1089 1875 1169 1924 tanto
1199 1869 1283 1923 nobis
1314 1868 1441 1940 desuper
1470 1872 1568 1922 tutore
1598 1867 1671 1923 dato

602 1955 737 2026 justitias,
757 1972 876 2009 causam
891 1955 1002 2025 justam
1021 1953 1076 2009 snb
1095 1954 1159 2026 ejus
1177 1953 1376 2008 moderamine
1394 1952 1472 2007 tueri
1495 1970 1553 2007 nen
1566 1951 1671 2007 formi-

607 2040 720 2104 damus,
741 2038 818 2110 quod
835 2039 905 2092 totis
924 2038 1147 2110 insurgentibus
1165 2037 1196 2091 iu
1220 2055 1273 2092 nos
1300 2038 1438 2110 spectatis
1465 2036 1670 2107 gravibusque

607 2123 749 2196 personis,
782 2123 899 2178 casibus
930 2122 1099 2195 improvisis
1135 2121 1263 2177 humiles
1299 2121 1465 2192 modicique
1500 2121 1668 2191 pulsemur.

439 2213 487 2258 rna
495 2218 594 2260 convent
606 2208 733 2264 Noverit
762 2226 834 2280 ergo
863 2214 963 2264 restra
992 2208 1158 2274 clementia,
1179 2207 1258 2279 quod
1288 2207 1423 2263 ecelesia'
1432 2206 1667 2272 Cantumieusis,

438 2266 552 2360 ffiplffi
607 2293 677 2348 licet
693 2292 796 2348 multis
822 2292 953 2365 undiquc
980 2293 1136 2348 calumniis
1163 2292 1302 2364 agitetur,
1322 2277 1391 2347 inde
1416 2297 1515 2347 tamen
1540 2298 1669 2363 urgetur

439 2366 566 2426 mensam
606 2378 712 2443 acrius,
732 2384 767 2434 ut
783 2378 912 2433 filiorum
931 2396 1052 2434 suornm
1070 2377 1227 2450 insperatis
1246 2382 1406 2432 attentatur
1418 2374 1558 2431 excubiis.
1597 2374 1668 2430 Suf-

437 2416 594 2512 iiilidiili
606 2463 738 2535 sraganei
754 2481 880 2535 namquo
899 2464 956 2528 sui,
977 2481 1051 2535 quos
1069 2463 1134 2534 ipsa
1152 2463 1327 2535 episcopalis
1347 2461 1501 2534 dignitatis
1516 2458 1615 2516 evexit
1633 2461 1668 2516 in

437 2517 531 2660 :lm
606 2547 728 2619 apicem,
758 2549 820 2604 suis
848 2566 914 2604 eam
931 2549 1128 2619 insequuntur
1154 2547 1297 2620 epistolis,
1328 2552 1357 2602 et
1383 2564 1455 2618 quos
1479 2545 1548 2618 jure
1572 2562 1667 2601 sacras

437 2621 577 2720 ffigffll
605 2633 795 2703 professionis
826 2650 894 2689 suos
926 2632 1061 2704 sperabat
1096 2631 1260 2698 advocatos,
1292 2631 1456 2703 praecipues
1483 2629 1545 2701 jam
1575 2631 1668 2686 scutit

436 2723 574 2766 aussoreno
605 2716 835 2789 impugnatores.
874 2716 1000 2772 Causam
1019 2717 1098 2772 enirn
1117 2734 1205 2788 quam
1224 2717 1305 2771 aclas
1324 2722 1354 2772 et
1372 2715 1517 2771 contentio
1536 2732 1666 2785 quorun-

436 2769 587 2876 iiiiiipifm
605 2801 673 2856 dam
702 2803 773 2857 olim
804 2802 966 2867 suscitavit,
999 2801 1110 2873 diuque
1146 2807 1326 2873 protractam
1362 2806 1449 2872 atque
1486 2799 1663 2867 discussam,

605 2886 771 2958 apostolicas
802 2885 981 2942 diffinitionis
1012 2902 1136 2941 censura
1165 2886 1289 2951 finierat,
1309 2885 1368 2957 ipsi
1398 2890 1428 2940 ct
1455 2884 1566 2939 dudum
1594 2901 1664 2940 con·

605 2970 748 3036 foverunt,
769 2976 800 3026 et
825 2988 902 3026 nunc
928 2971 1017 3026 etiam
1043 2974 1145 3026 contra
1162 2976 1268 3026 vestras
1295 2968 1464 3025 mandatum
1489 2968 1664 3035 clementias,

604 3054 809 3126 multipliciter
837 3072 979 3110 renovare
1010 3053 1153 3110 nituntur.
1206 3054 1349 3126 Suscepto
1373 3071 1500 3126 namque
1526 3052 1563 3108 de
1586 3069 1665 3110 novo

604 3138 783 3210 apostolatus
802 3139 894 3194 vestri
912 3138 1039 3204 decreto,
1060 3137 1099 3193 ad
1118 3138 1257 3194 novitatis
1283 3157 1315 3194 se
1333 3145 1452 3194 vertunt
1477 3143 1662 3209 argumenta,

604 3224 676 3279 satis
694 3222 850 3295 indignum
867 3228 1004 3295 putantes
1022 3239 1054 3278 se
1073 3240 1091 3278 a
1108 3222 1259 3278 monachis
1278 3222 1421 3295 superari,
1442 3221 1527 3294 quasi
1550 3220 1664 3292 puden-

604 3306 675 3362 dum
700 3308 740 3363 sit
762 3307 887 3378 justitia
915 3307 1028 3371 cedere,
1048 3312 1102 3362 aut
1126 3307 1286 3378 apostolico
1313 3324 1416 3378 parere
1443 3304 1589 3371 mandato,
1609 3313 1800 3369 sathanas

603 3393 764 3448 voluntatis
794 3391 950 3447 arbitrium
980 3391 1088 3446 rationi
1119 3391 1240 3446 sociare.
1291 3390 1472 3461 Multiplices
1503 3389 1663 3446 adversum
1677 3374 1808 3422 ΝΟΜΜ

603 3494 655 3531 1101
685 3482 804 3533 movent
833 3475 1020 3547 objectiones,
1051 3474 1157 3545 quibus
1187 3475 1358 3530 mandatum
1385 3475 1463 3544 quod
1493 3491 1546 3546 pro
1576 3474 1662 3532 nobis

434 3575 452 3617 1.
466 3576 513 3619 'rho
603 3563 757 3625 emanavit,
772 3578 913 3616 evacuare
929 3560 1064 3614 nituntur
1076 3560 1277 3630 apostolicum.
1308 3559 1408 3616 Primo
1421 3559 1505 3614 nobis
1518 3559 1664 3630 objiciunt

433 3627 551 3670 licencaor
603 3645 816 3716 indulgentiam
841 3645 898 3715 pias
925 3643 1136 3698 reeordationis
1162 3643 1274 3697 Urbani
1299 3662 1391 3715 papae,
1416 3659 1759 3715 (1111100110011111111·ο,η·ι

432 3688 491 3729 pope
501 3680 579 3723 Urban

433 3731 581 3825 ffiffiflu·
601 3731 697 3782 suerat
715 3730 933 3799 archiepiscopo
952 3727 1095 3798 capellam
1108 3727 1223 3797 erigere
1234 3728 1317 3792 ;-ad
1336 3729 1413 3800 quod
1438 3727 1658 3800 respondemus,

432 3820 570 3880 taincilarnl
601 3814 678 3883 quod
705 3832 758 3883 per
784 3813 997 3883 surreptionem
1024 3812 1142 3866 obtenta
1169 3813 1234 3876 suit,
1263 3813 1351 3867 tacita
1380 3813 1502 3868 veritate
1534 3813 1569 3866 dc
1600 3813 1659 3869 loci

431 3883 549 3982 ffssffl‘ff
599 3905 669 3952 tunc
688 3898 857 3962 vicinitat03
879 3916 967 3968 quarn
986 3897 1169 3951 vicinitatem
1186 3915 1263 3950 nune
1283 3897 1403 3951 alterius
1416 3898 1473 3951 loci
1492 3898 1657 3962 celebritas,

431 3981 572 4080 gffl‘glfffl
599 3983 757 4037 Loudoniru
775 3983 858 4036 urbis
885 3982 963 4037 latus
989 3982 1171 4051 contiguum,
1192 3987 1223 4034 et
1248 3981 1329 4036 sinus
1355 3982 1466 4052 regius,
1487 3982 1539 4035 ubi
1565 3983 1657 4037 totius

431 4081 526 4127 churcn.
600 4071 644 4122 est
656 4067 740 4138 regni
753 4084 920 4130 concursus,
935 4066 1067 4136 periculo
1080 4066 1214 4137 graviore
1228 4072 1402 4136 compensat.
1436 4069 1572 4121 Summus
1586 4084 1657 4138 quo-

600 4171 656 4222 que
668 4152 805 4223 ‘pontifex
823 4151 859 4204 de
878 4151 992 4221 capella
1010 4151 1240 4213 eoncessit;-at
1252 4150 1387 4205 dominus
1406 4151 1655 4221 archiepiscopus,

599 4237 755 4307 sicutipse
775 4236 805 4289 in
829 4235 957 4306 capitulo
977 4235 1182 4290 Cantuariensi
1208 4234 1327 4306 publiea
1351 4253 1422 4289 voce
1448 4241 1570 4290 testatus
1599 4243 1654 4302 est,

598 4322 753 4376 ecelesiam
771 4320 986 4375 nobilissimam
1006 4320 1135 4373 fundare
1148 4320 1259 4383 statuit,
1280 4319 1331 4372 ubi
1353 4320 1415 4390 jam
1443 4321 1542 4390 plnres
1570 4339 1656 4376 cano-

596 4409 676 4462 nicos
696 4405 835 4468 instituit,
856 4404 1031 4475 spectabiles
1050 4421 1230 4474 magnasque
1258 4421 1405 4474 personas,
1426 4405 1503 4459 unde
1531 4404 1657 4461 ecelesia

596 4492 632 4545 de
652 4491 779 4545 Lamhee
798 4495 898 4545 eontra
914 4490 1068 4544 matricem
1087 4489 1240 4543 ecclesiam
1258 4489 1394 4543 clationis
1414 4491 1605 4560 supercilium
1624 4491 1656 4546 in

597 4576 772 4648 quibusdam
790 4574 966 4645 usurpandis
993 4574 1162 4644 assumpsit.
1210 4572 1293 4641 Quod
1321 4574 1345 4626 si
1373 4575 1497 4628 necdum
1522 4575 1656 4645 plantata

596 4661 757 4732 praesumit,
797 4660 868 4730 quid
895 4660 1037 4713 facturam
1076 4676 1237 4728 speramus,
1270 4658 1296 4711 si
1332 4658 1363 4711 in
1395 4660 1654 4715 consummationis

429 4733 564 4830 {lihffilgs
596 4747 685 4800 robur
704 4744 853 4799 evaserit?
898 4743 1031 4798 Secundo
1057 4743 1120 4796 loco
1151 4741 1336 4805 contendunt,
1370 4743 1448 4813 quod
1477 4745 1654 4799 venerabilis

428 4848 486 4887 pope
495 4839 549 4879 (110·
596 4850 671 4903 papa
690 4829 851 4900 Gregorius
879 4826 1010 4892 indulsit,
1031 4832 1066 4880 ut
1090 4845 1143 4897 per
1171 4828 1284 4881 litteras
1315 4827 1424 4880 domini
1443 4827 1554 4882 Urbani
1579 4847 1653 4899 prae·

427 4900 564 4989 ξᾙὲζῗρᾱ
596 4915 758 4969 decessoris
786 4914 841 4975 sui,
873 4912 930 4966 nisi
960 4912 995 4965 de
1021 4928 1096 4965 novo
1122 4912 1259 4966 mandato
1285 4912 1404 4966 minimo
1432 4913 1650 4982 procederetur.
1667 4936 1805 4987 amma,

427 4989 568 5083 {Jfassffiffilf
596 4999 643 5053 hd
671 4999 749 5070 quod
775 4998 909 5060 dicimus,
939 4995 1018 5067 quod
1042 5015 1116 5050 novo
1143 4996 1281 5051 mandato
1308 5015 1478 5067 processum
1506 5004 1559 5062 cst,
1581 5001 1653 5069 quia

426 5091 536 5140 canu-nt,
596 5090 703 5138 sancta
722 5082 870 5136 memorias
889 5080 1049 5135 Clementis
1075 5081 1191 5144 litterar,
1213 5080 1345 5150 ejusdem
1374 5081 1509 5152 Gregorii
1537 5102 1652 5141 succes·
1665 5097 1787 5145 11000101.

426 5141 472 5182 arrd
482 5143 511 5193 by
520 5142 559 5184 tire
647 5168 652 5178 ·
908 5164 938 5176 ··
1106 5165 1152 5174 ¹·
1253 5165 1258 5174 ·
1513 5168 1518 5178 ·
1664 5151 1770 5195 &cccviii

426 5192 554 5236 mmm
596 5186 680 5231 soris,
701 5185 790 5237 super
808 5165 996 5220 demolitione
1021 5164 1154 5234 prasdictr
1179 5183 1285 5235 operis,
1306 5184 1359 5236 per
1383 5168 1580 5224 venerabilem
1600 5170 1651 5226 Jo·
1771 5182 1777 5196 '
