4192 6392
563 1055 628 1118 228
845 1066 1017 1115 rmsrons
1040 1061 1330 1125 caurumrausas,

412 1247 468 1292 nl).
477 1249 534 1290 118&
564 1245 682 1299 faciunt.
730 1245 803 1298 Haec
833 1249 931 1299 autem
960 1244 1066 1306 emnia,
1099 1249 1132 1298 ut
1166 1241 1310 1297 modestia
1338 1244 1437 1294 vestra
1464 1243 1534 1293 nota
1571 1235 1749 1292 silenum

425 1299 522 1401 duguii
565 1329 699 1384 omnibus
728 1328 904 1392 hominibus,
937 1335 966 1381 et
995 1328 1137 1382 malitiam
1167 1327 1264 1381 vincat
1299 1323 1448 1396 patientia,
1480 1322 1607 1378 faciatis.

398 1415 491 1460 fienda>
515 1427 539 1457 ιι
565 1412 752 1466 Praemittetis
770 1418 866 1465 autem
884 1412 915 1465 in
933 1412 1031 1465 rotula
1044 1412 1106 1481 jam
1125 1411 1204 1464 dicta
1221 1410 1252 1464 in
1276 1410 1371 1479 primo
1389 1407 1483 1478 capite
1511 1423 1609 1461 exem·

395 1468 507 1563 imi&
531 1486 541 1497 ⁵
565 1495 648 1568 plum
674 1502 762 1550 certae
786 1496 866 1564 regis
890 1495 1035 1558 Edwardi‚
1056 1513 1120 1564 quae
1139 1494 1299 1549 eommunis
1318 1499 1364 1547 est
1390 1491 1609 1561 archiepiscopo

566 1586 597 1634 et
613 1579 706 1643 vobis,
727 1586 757 1633 et
774 1579 916 1633 Willelmi
935 1585 964 1632 et
981 1579 1104 1633 Henrici
1122 1596 1236 1648 regum,
1256 1577 1389 1632 Anselmi
1408 1581 1437 1630 et
1449 1574 1611 1630 Theobaldi

566 1664 744 1735 pontificum,
765 1681 831 1734 qum
858 1663 938 1716 robis
960 1663 1101 1733 speciales
1130 1668 1207 1724 sunt,
1234 1661 1292 1716 nisi
1318 1659 1480 1733 prudentiae
1500 1665 1611 1715 vestra

566 1749 621 1803 hoc
638 1747 792 1802 taediosum
810 1747 945 1801 rideatur
963 1755 1013 1802 aut
1031 1747 1221 1818 superfluum.

429 1994 527 2046 aeaut
612 1981 790 2038 CCXLVII.
828 1983 995 2038 Conversus
1015 1984 1243 2040 Gmnummusm
1261 1997 1414 2037 maninus
1432 1980 1564 2036 Gaurus·

1011 2083 1170 2122 nmusrsns.

401 2215 557 2259 rhosensem
605 2199 734 2255 Veniens
752 2200 788 2254 ad
806 2217 857 2255 nos
876 2200 1010 2255 dominus
1028 2200 1239 2264 atrebatensis,
1260 2199 1335 2255 sacto
1353 2215 1485 2253 sermone
1503 2196 1618 2252 brevis·
1631 2204 1758 2248 Anima

400 2265 544 2359 ffiffi'fn
571 2283 655 2348 simo,
687 2283 761 2339 dixit
791 2302 822 2339 se
853 2285 947 2354 gratia
976 2285 1078 2339 orandi
1107 2285 1232 2349 venisse,
1264 2289 1293 2338 et
1325 2283 1395 2353 quia
1423 2280 1507 2336 nobis
1538 2254 1678 2337 sicutM
1686 2255 1762 2299 (Μ

400 2366 549 2468 ffi‘ffl‘
571 2367 710 2422 fratribus
729 2366 790 2422 suis
808 2367 910 2422 intimo
929 2367 1025 2422 cordis
1044 2369 1149 2423 affectu
1167 2367 1404 2438 compatiebatur,
1423 2369 1521 2437 partes
1546 2381 1618 2420 suas

400 2465 551 2511 othrmnu
571 2450 734 2521 pronubis,
755 2451 781 2505 si
799 2468 888 2521 quam
901 2451 981 2505 riam
999 2453 1078 2521 pacis
1097 2452 1251 2515 inveniret,
1269 2450 1395 2504 libenter
1413 2454 1442 2503 et
1459 2447 1618 2503 affectuose

400 2516 559 2610 fflfflffi·
572 2534 777 2604 interponeret.
826 2532 924 2588 Lectis
951 2535 1045 2605 igitur
1072 2535 1104 2588 in
1130 2534 1285 2605 prasentia
1305 2533 1369 2604 ejus
1396 2532 1483 2587 cartis
1510 2549 1618 2603 regum

399 2617 553 2711 wem·
572 2623 602 2672 et
629 2617 797 2688 pontificum
825 2622 854 2671 et
880 2618 1065 2688 indulgentia
1085 2619 1195 2672 domini
1213 2618 1324 2673 Urbani
1351 2623 1380 2672 et
1405 2617 1514 2671 litteris
1540 2615 1617 2687 ejus,

400 2718 534 2762 vuerthen
572 2700 624 2755 sed
650 2707 679 2756 et
705 2700 813 2755 litteris
837 2700 946 2755 domini
969 2702 1128 2757 Clementis
1155 2702 1288 2757 omnibus
1315 2707 1375 2756 tem
1399 2700 1618 2772 archiepiscopo
1631 2709 1775 2756 Noscexiii.

401 2768 548 2870 {flames
573 2802 660 2855 quam
679 2783 758 2839 clero
777 2789 807 2838 et
824 2785 932 2855 populo
951 2791 981 2840 et
998 2786 1082 2840 nobis
1109 2785 1239 2851 directis,
1259 2786 1413 2841 consilium
1430 2784 1514 2839 nobis
1535 2783 1620 2839 dedit
1631 2760 1765 2855 ἔξω

401 2867 538 2962 :thffipp
572 2872 606 2922 ut
643 2867 681 2921 ad
713 2867 873 2938 capitulum
903 2870 1051 2938 generale,
1084 2870 1132 2924 cui
1163 2870 1224 2940 ipse
1258 2875 1288 2924 et
1311 2869 1445 2924 dominus
1475 2867 1621 2938 archiepi-

403 2969 540 3064 ffiapphop
573 2968 688 3022 scopus,
727 2957 816 3022 prout
845 2952 954 3007 certius
986 2954 1132 3007 aestimare
1167 2953 1289 3016 dicebat,
1329 2970 1412 3007 suam
1442 2951 1621 3005 exhibebunt

405 3072 477 3124 (80ρί
485 3070 526 3122 14.)
572 3034 768 3106 praesentiam,
800 3035 927 3105 aliquem
954 3035 990 3089 de
1020 3037 1162 3091 fratribus
1195 3037 1303 3091 nostris
1333 3054 1400 3090 cum
1426 3034 1532 3089 litteris
1550 3051 1621 3088 cen·

572 3123 677 3173 ventus
695 3118 888 3181 mitteremus,
910 3119 1105 3190 supplicantes
1124 3121 1264 3174 attentius
1282 3125 1316 3175 ut
1333 3137 1386 3191 pro
1403 3117 1484 3173 nobis
1500 3116 1620 3172 domino

572 3202 791 3273 archiepiscopo
833 3203 1050 3273 supplicarent;
1087 3222 1176 3274 seque
1218 3204 1255 3258 ad
1293 3204 1348 3258 hoc
1380 3221 1416 3257 ex
1448 3205 1528 3274 parte
1565 3219 1622 3256 sua

572 3286 733 3359 plurimum
766 3285 916 3340 elaborare
947 3286 1023 3339 velle
1061 3287 1184 3352 dicebat,
1213 3294 1247 3342 ut
1286 3292 1393 3341 statum
1427 3290 1561 3340 nostrum
1591 3291 1621 3339 et

573 3369 699 3439 gratiam
732 3387 814 3422 suam
846 3369 882 3423 ad
921 3371 1093 3440 petitionem
1122 3389 1222 3425 eorum
1253 3377 1283 3425 et
1319 3370 1444 3425 aliorum
1476 3368 1621 3423 bonorum

572 3453 703 3506 virorum
729 3453 843 3506 facilius
871 3458 901 3507 et
926 3455 1013 3508 eitius
1040 3456 1169 3508 animum
1196 3455 1357 3519 inclinaret,
1386 3460 1415 3508 et
1438 3471 1506 3509 cum
1524 3452 1621 3507 demo·

573 3537 673 3589 litiene
705 3537 801 3606 operis
830 3544 937 3590 statum
966 3547 1098 3592 nostrum
1129 3540 1310 3601 reformaret,
1339 3556 1426 3608 quam
1454 3539 1479 3593 si
1511 3537 1620 3592 invitus

574 3626 604 3672 ct
635 3619 670 3670 ab
702 3619 759 3671 alio
790 3629 905 3673 coactus
937 3621 990 3675 hoc
1020 3623 1124 3676 fucere.
1172 3623 1254 3676 Dixit
1284 3623 1372 3675 etiam
1402 3639 1469 3674 eum
1499 3621 1621 3675 forsitan

575 3702 659 3771 quasi
690 3701 815 3755 aliorum
852 3704 987 3772 precibus
1020 3724 1037 3758 a
1073 3706 1219 3775 preposite
1249 3705 1325 3759 velle
1361 3705 1501 3769 revocari,
1534 3722 1621 3775 quam

407 3794 524 3837 ananim
575 3791 676 3839 contra
693 3785 873 3838 veluntatem
901 3805 983 3840 suam
1012 3789 1111 3858 aliqua
1138 3790 1286 3843 occasione
1313 3789 1457 3858 compelli.
1496 3788 1543 3841 Ad
1567 3788 1621 3841 hoc

406 3845 556 3938 {ffiffiw
575 3867 789 3937 respondimus,
824 3869 892 3938 quia
927 3871 1049 3925 facultas
1081 3872 1151 3925 illuc
1182 3872 1315 3926 mittendi
1346 3872 1447 3933 defuit,
1480 3878 1509 3925 et
1545 3871 1734 3941 quocicaxoa
1777 3861 1779 3865 ’

1635 3929 1737 3971 cclxxxv.
1745 3926 1784 3969 and

407 3946 543 4056 &goffia
576 3952 692 4005 omnino
723 3953 801 4004 exire
832 3970 889 4004 nen
919 3953 1012 4008 licuit.
1063 3956 1166 4026 Nuper
1197 3957 1273 4009 enim
1310 3974 1375 4009 cum
1407 3956 1444 4009 ad
1474 3955 1746 4022 dominumoelnm

407 4047 537 4089 advrsedus
576 4053 677 4104 regem
697 4035 733 4088 dc
762 4036 901 4090 fratribus
920 4040 1028 4092 nestris
1047 4040 1191 4094 vellemus
1218 4041 1424 4100 transmittere,
1446 4039 1482 4092 ad
1509 4045 1623 4109 portam

408 4100 531 4190 {20}ssssss
578 4119 738 4172 coemeterii
762 4120 868 4173 retenti
896 4127 1012 4175 suntet
1038 4123 1117 4176 exire
1136 4124 1284 4192 prohibiti.
1323 4124 1379 4176 His
1399 4124 1505 4177 auditis
1523 4131 1622 4193 postu·

406 4198 559 4291 fg‘tleglffiho
577 4203 658 4265 lavit,
679 4208 712 4255 ut
738 4202 851 4256 litteras
871 4203 932 4257 sine
952 4206 1145 4259 amaritudine
1165 4214 1193 4260 et
1220 4206 1420 4261 cervicositate
1446 4207 1544 4276 aliqua
1568 4225 1621 4276 per

408 4299 565 4360 cluptveaand
579 4305 645 4340 eum
677 4286 713 4340 ad
744 4287 904 4356 capitulum
935 4290 1071 4357 generale
1102 4291 1296 4354 mitteremus,
1328 4298 1357 4344 et
1387 4291 1458 4360 ipsc,
1485 4302 1622 4359 operante

408 4350 555 4442 ξζξῗξζῇξο
579 4370 683 4439 gratia,
715 4378 783 4423 vota
812 4379 912 4424 nostra
942 4372 978 4424 ad
1009 4373 1143 4426 effectum
1171 4374 1329 4444 perducere
1360 4374 1514 4427 labora-ret.
1565 4374 1622 4427 His

410 4450 542 4493 fluenceror
578 4453 675 4522 itaque
707 4455 809 4522 gestis,
834 4472 932 4507 omnes
959 4473 1056 4508 coram
1090 4474 1123 4509 eo
1150 4458 1288 4527 prostrati
1316 4475 1426 4518 sumus,
1460 4457 1569 4526 gratias
1596 4458 1623 4511 ei

411 4512 446 4543 us.
577 4537 736 4589 referentes
767 4544 797 4590 et
827 4538 959 4591 obnixius
987 4539 1185 4609 deprecantes,
1215 4549 1249 4595 ut
1273 4542 1337 4595 vice
1364 4547 1463 4595 nostra
1497 4541 1624 4611 capitulo

578 4619 767 4673 cisterciensi
798 4621 984 4691 supplicaret,
1014 4630 1157 4692 quatenus
1185 4642 1237 4695 pro
1262 4625 1345 4678 nobis
1373 4625 1450 4694 apud
1474 4624 1623 4678 deminum

578 4702 829 4772 archiepiscopum
860 4704 1081 4760 intercederent.
1128 4708 1234 4778 Sicque
1261 4726 1278 4762 a
1304 4709 1387 4761 nobis
1414 4709 1545 4771 recessit,
1566 4725 1624 4760 non

578 4785 725 4840 divertens
745 4786 868 4839 ulterius
896 4787 927 4839 in
954 4787 1071 4842 demum
1099 4791 1319 4861 archiepiscopi,
1340 4792 1388 4843 ubi
1417 4792 1499 4861 prius
1526 4792 1623 4860 hospi·

577 4876 655 4924 tatus
675 4871 777 4932 suerat,
798 4871 989 4925 calumniatus
1009 4891 1026 4925 a
1044 4875 1127 4928 nobis
1147 4876 1223 4946 quod
1241 4876 1495 4930 excommunicatis
1514 4875 1624 4927 domini

578 4971 661 5023 papae
674 4954 954 5021 communicaverat;
975 4956 1132 5013 inscienter
1145 4965 1252 5014 tamen.
1278 4960 1441 5030 Eaprepter
1453 4958 1623 5013 mandamns
