4192 6392
611 1154 674 1217 244
891 1169 1065 1217 arrsronm
1088 1167 1375 1231 emraaarnums,

463 1343 583 1387 ΛΜΝ·
610 1341 642 1395 iu
659 1341 783 1396 veritate
796 1347 826 1396 et
843 1342 874 1395 iu
885 1341 1048 1396 visceribus
1062 1341 1173 1395 Christi
1184 1341 1267 1395 nobis
1280 1340 1434 1404 carissimi,
1449 1339 1661 1403 confortamini,

440 1409 563 1504 ffiffi
612 1428 642 1477 et
659 1424 806 1488 laetamini,
827 1425 963 1496 quoniam
985 1426 1147 1479 communis
1166 1432 1220 1490 est,
1240 1442 1297 1478 non
1315 1430 1414 1478 vestra
1431 1430 1555 1486 tuntum,
1575 1441 1663 1477 causa

439 1516 585 1563 mauron
613 1525 700 1578 quam
719 1508 832 1578 geritis,
852 1526 905 1563 neo
923 1508 1006 1562 robis
1026 1508 1216 1573 solummodo,
1229 1508 1277 1561 vel
1296 1507 1399 1561 dicbus
1419 1507 1482 1561 istis
1500 1507 1597 1570 malis,
1612 1505 1663 1560 sed

441 1561 574 1661 iiiiffl.
612 1596 643 1645 et
660 1593 766 1646 futuris
788 1593 904 1646 soeculis
928 1592 1089 1646 constantia
1105 1598 1204 1646 vestra
1230 1591 1378 1653 militabit,
1399 1598 1429 1644 et
1453 1608 1487 1645 eo
1514 1591 1545 1645 in
1566 1591 1662 1660 majus

439 1662 516 1755 ffilt
532 1664 596 1756 phem
611 1675 825 1745 multiplicatur
843 1676 981 1729 meritum
999 1682 1140 1739 vestrum,
1161 1693 1219 1746 quo
1237 1676 1301 1747 paci
1319 1675 1479 1729 multorum
1496 1675 1663 1745 persecutio

440 1764 575 1832 eueniunt
612 1767 711 1813 vestra
728 1760 896 1813 famulatur.
935 1758 1100 1829 Singularis
1128 1759 1247 1830 quidem
1274 1766 1320 1813 est
1344 1760 1406 1812 haec
1432 1759 1527 1829 gloria
1552 1766 1661 1822 vestra,

439 1812 588 1908 {ffiffitm
612 1842 664 1912 qui
681 1860 750 1896 vere
768 1844 799 1896 in
818 1860 903 1898 cruce
923 1843 1098 1914 gloriamini.
1137 1843 1280 1896 Auditum
1307 1850 1352 1897 est
1377 1843 1455 1912 quod
1479 1843 1510 1896 in
1531 1841 1661 1906 Oriente,
1675 1861 1786 1905 carmi,

610 1926 642 1980 in
655 1931 734 1980 terra
751 1927 782 1981 in
801 1945 860 1998 qua
877 1933 1014 1997 operatus
1033 1934 1079 1981 est
1097 1926 1239 1981 Dominus
1259 1926 1384 1981 salutem
1402 1926 1432 1979 in
1448 1926 1545 1979 modio
1562 1931 1660 1989 terrm,
1675 1935 1796 1980 Palmae

609 2016 724 2064 vastata
741 2017 787 2065 est
804 2012 945 2077 ecclesia;
973 2011 1106 2082 captivus
1130 2010 1236 2064 duetus
1260 2016 1306 2065 est
1323 2009 1468 2080 populus;
1497 2010 1562 2080 ipsa
1581 2008 1661 2064 Crux

610 2093 728 2148 Domini
754 2094 884 2164 perdita;
916 2095 1013 2165 ipsum
1039 2094 1141 2150 salutis
1167 2093 1337 2165 praesidium
1366 2093 1496 2147 ablatum
1514 2098 1545 2147 et
1562 2110 1662 2163 aspor-

609 2182 713 2232 tatum.
742 2178 782 2233 Et
799 2196 866 2233 ecce
887 2178 923 2232 ad
948 2179 1066 2232 oculum
1083 2177 1217 2233 videmus
1243 2178 1273 2231 in
1291 2177 1458 2242 Occidente,
1478 2177 1509 2231 in
1527 2177 1663 2231 orientali

609 2268 710 2315 nostra
727 2261 859 2326 eeclesia,
873 2263 976 2332 inqua
993 2263 1084 2333 coepit
1101 2261 1244 2316 Dominus
1257 2262 1371 2331 operari
1390 2261 1516 2315 salutem
1533 2261 1565 2314 in
1582 2266 1663 2314 terra

608 2345 674 2408 ista,
695 2347 772 2415 quod
790 2364 859 2401 rere
877 2365 948 2401 crux
967 2346 1080 2401 Christi
1103 2346 1222 2400 iuventa
1245 2351 1276 2400 et
1300 2352 1397 2399 erecta
1418 2345 1513 2399 estin
1530 2345 1613 2399 vobis
1632 2351 1663 2399 et

608 2446 626 2483 a
643 2429 735 2493 vobis,
756 2431 863 2501 quibus
881 2431 970 2484 infixa
987 2436 1016 2484 et
1036 2431 1147 2484 inflicta
1165 2436 1227 2495 est3
1254 2435 1284 2484 et
1301 2430 1382 2483 illius
1403 2428 1522 2498 quidem
1540 2429 1660 2484 sceleris

607 2517 742 2567 auctores
773 2520 850 2577 sunt,
879 2515 930 2584 qui
958 2513 1054 2568 Deum
1079 2515 1223 2577 nesciunt,
1250 2514 1341 2567 immo
1366 2520 1396 2566 et
1425 2513 1599 2583 obsequium
1628 2530 1660 2567 se
1672 2523 1796 2572 ssohnot

607 2596 782 2666 praestitisse
808 2596 870 2652 Deo
895 2597 1029 2651 arbitrati
1056 2604 1139 2652 sunt:
1167 2597 1199 2651 hi
1225 2603 1324 2652 autem
1350 2597 1552 2651 sceleratiores
1577 2597 1658 2661 satis,
1672 2584 1691 2626 ⁷·

607 2679 658 2749 qui
689 2679 776 2733 fidem
805 2681 931 2751 professi
961 2687 1029 2735 sunt
1059 2687 1089 2735 et
1118 2680 1270 2751 religionis
1299 2698 1412 2734 nomen.
1449 2679 1661 2736 Verumtamen

607 2761 689 2817 dabit
706 2763 849 2818 Dominus
877 2764 952 2818 “his
980 2782 1096 2835 quoque
1120 2763 1240 2818 fiuem.”
1275 2763 1338 2818 Nos
1366 2770 1462 2817 autern
1487 2765 1519 2817 in
1535 2763 1794 2825 veritatevariffla

607 2862 709 2900 omnes
727 2853 758 2901 et
775 2846 886 2917 singuli
903 2847 1007 2900 flemus
1026 2864 1095 2900 cum
1121 2846 1267 2911 flentibus,
1288 2852 1348 2901 toto
1374 2847 1478 2901 affectu
1497 2848 1598 2903 afflicti
1619 2855 1658 2913 et,
1670 2828 1796 2921 ffljffl,

607 2929 687 2999 quod
699 2931 794 2984 solum
805 2946 970 3000 possumus,
982 2931 1089 2985 vestris
1101 2931 1277 2985 moeroribus
1289 2930 1485 2985 condolemus.
1521 2930 1660 2986 Animam

605 3019 735 3067 nostram
753 3021 851 3068 vester
868 3015 1028 3083 pertransit
1052 3013 1178 3083 gladius,
1198 3031 1251 3067 nec
1270 3032 1354 3068 secus
1379 3032 1412 3068 ac
1438 3015 1465 3069 si
1487 3015 1560 3085 ipsis
1579 3034 1657 3086 pres·
1673 3032 1796 3080 scamna

608 3097 687 3150 suris
698 3097 815 3160 vestris,
829 3097 979 3152 vobiscum
992 3098 1102 3168 pariter
1115 3114 1214 3151 omnes
1227 3097 1324 3167 positi,
1338 3115 1548 3167 premeremur.
1573 3097 1659 3153 Unde

608 3179 771 3234 orationum
789 3188 819 3234 et
844 3180 1096 3249 eleemosynarum
1122 3197 1241 3233 manum
1265 3180 1401 3250 procellae
1425 3181 1494 3234 huic
1513 3197 1658 3251 opponere

435 3287 545 3340 qam„
606 3281 666 3318 non
683 3281 841 3328 cessamus,
860 3263 952 3318 donec
975 3263 1119 3317 excitetur
1144 3269 1174 3317 et
1198 3271 1337 3333 exsurgat
1355 3263 1453 3317 Jesus.
1491 3263 1657 3319 Hebdoma-

436 3340 577 3433 ssestffiff
607 3347 723 3401 darium
741 3346 778 3402 de
798 3347 911 3418 Spiritu
924 3347 1039 3410 Sancto,
1053 3364 1106 3417 pro
1119 3346 1372 3417 vobissignanter
1387 3354 1447 3401 toto
1465 3347 1519 3400 hoc
1537 3347 1659 3402 tribula·

459 3442 588 3487 eesrorrho
607 3431 695 3485 tionis
707 3438 814 3485 vestrm
830 3436 971 3501 tempore,
986 3432 1200 3494 constituimus,
1219 3432 1386 3501 frequenter
1398 3431 1503 3484 missas
1517 3431 1659 3501 speciales

437 3499 542 3534 mmm·
606 3520 713 3583 praeter
733 3514 930 3584 quotidianam
954 3515 1126 3567 memoriam
1150 3531 1203 3582 per
1228 3515 1358 3583 singulos
1383 3514 1547 3569 sacerdotes
1566 3516 1657 3585 impo-

606 3603 717 3650 nentes.
756 3597 840 3664 Quod
858 3605 887 3652 et
906 3599 1005 3652 statim
1031 3599 1153 3652 fecimus
1178 3615 1244 3651 cum
1267 3598 1379 3650 litteras
1400 3606 1512 3651 vestras
1530 3600 1657 3669 accepis-

606 3697 713 3742 semus,
745 3698 798 3734 nec
825 3687 922 3733 tamen
949 3688 1017 3734 tunc
1045 3682 1182 3750 primum.
1228 3681 1264 3733 In
1289 3681 1485 3733 immolatione
1511 3681 1602 3751 Agni,
1629 3689 1659 3736 et

605 3763 678 3816 hora
696 3764 760 3832 ipsa
787 3764 941 3817 oblationis
969 3765 1049 3834 pacis
1070 3765 1154 3833 signo
1181 3764 1339 3835 repulsat0,
1365 3772 1395 3817 et
1419 3765 1551 3819 omnibus
1570 3766 1659 3818 nude·

606 3864 720 3916 cunque
748 3848 885 3911 evocatis,
907 3849 985 3900 omni
1013 3847 1060 3901 die
1088 3867 1141 3918 pro
1168 3867 1239 3918 pace
1258 3854 1355 3901 vestra
1380 3849 1461 3901 Patri
1488 3867 1556 3902 cum
1583 3849 1660 3902 Filio

605 3931 828 4000 prosternimur,
848 3938 956 4001 praeter
982 3932 1122 4002 specialia
1147 3951 1210 4002 qum
1231 3933 1336 4002 cuique
1361 3933 1438 3986 sicut
1460 3933 1525 3986 uult
1546 3941 1575 3986 et
1593 3934 1657 3997 scit,

608 4014 736 4084 Spiritus
762 4014 962 4080 admbristrat3
994 4016 1119 4069 scientes
1147 4017 1217 4086 quia
1241 4017 1271 4069 in
1303 4017 1359 4069 fine
1387 4034 1440 4087 pro
1464 4017 1658 4071 torcularibus

606 4097 672 4151 istis
692 4097 843 4151 sabbatum
862 4098 972 4152 lmtitioe
992 4099 1187 4163 celebra-bitis,
1208 4108 1237 4153 et
1255 4100 1511 4170 congaudebimus.
1548 4099 1611 4154 Nos
1630 4108 1660 4155 et

606 4181 705 4235 omnia
721 4188 822 4235 nostra
839 4182 922 4235 vobis
942 4184 1122 4252 exponimus,
1143 4184 1371 4254 redemptionem
1388 4202 1440 4253 pro
1452 4183 1544 4237 vobis.
1566 4183 1658 4239 Mise-

605 4273 685 4320 rator
703 4272 831 4320 aeternus
850 4267 989 4337 respiciat
1007 4267 1038 4320 in
1055 4284 1107 4322 vos
1126 4274 1156 4321 et
1173 4285 1230 4321 non
1248 4274 1387 4321 moretur.

714 4478 876 4550 [CCLXII.
912 4478 1141 4534 Ancumrrscoro
1159 4478 1361 4533 Luannraus1¹
1381 4478 1550 4533 Coxtnrrus

1010 4561 1264 4633 Carrumrars1s]

641 4699 813 4754 Reverendo
831 4700 908 4770 patri
927 4704 957 4752 et
974 4699 1091 4753 domino
1110 4698 1246 4764 Johanni,
1267 4696 1322 4750 Dei
1346 4697 1443 4767 gratia
1466 4697 1657 4768 Lugdunensi

605 4784 834 4855 archiepiscopo,
849 4783 1016 4854 apostolicus
1035 4782 1113 4836 sedis
1130 4782 1239 4851 legato,
1252 4781 1373 4834 humilis
1389 4787 1548 4835 conventus
1567 4782 1657 4836 eccle·

1501 4917 1656 4925 -ι-υ-

636 4993 795 5042 'Johnaux
812 4993 897 5042 Belles
918 4992 1011 5050 Maius,
1033 4993 1105 5042 arch·
1157 4991 1321 5055 Canterbury.
1356 4992 1397 5040 lle
1409 5009 1461 5041 was
1472 4996 1546 5043 made
1564 5002 1657 5044 treasu·

602 5071 1112 5136 bishopofRonen,uesanoldpupilol
1155 5085 1197 5122 rer
1218 5073 1250 5121 ol
1273 5071 1345 5121 York
1373 5073 1399 5121 in
1423 5078 1496 5137 1154,
1518 5074 1608 5139 bishop
1630 5075 1661 5125 os
