4192 6392
764 1210 922 1259 immons
945 1210 1149 1259 srinnsmm.
1440 1197 1481 1259 59

429 1386 537 1442 samam
566 1394 706 1452 vestram,
736 1389 814 1458 quod
839 1387 962 1443 delendo
992 1388 1067 1452 dieo,
1101 1387 1260 1458 plmimum
1292 1382 1480 1455 denigrastis.
1513 1386 1567 1432 nl).
1577 1387 1634 1429 11⁸⁷·

429 1469 469 1525 m
494 1471 519 1525 si
547 1470 644 1527 simile
670 1471 783 1543 aliquid
810 1473 917 1527 iterum
945 1471 1007 1526 lieri
1033 1470 1200 1542 contigerit,
1223 1470 1280 1524 erit
1304 1470 1483 1526 novissimus
1496 1462 1620 1556 Jffirff'l·

349 1592 355 1604 -
430 1572 512 1609 error
541 1555 624 1627 pejor
653 1557 760 1628 priore.
800 1557 844 1612 Do
874 1556 1014 1612 maneriis
1044 1562 1143 1612 autem
1166 1556 1275 1611 vestris
1299 1555 1335 1609 do
1364 1554 1481 1625 quibus,
1496 1562 1653 1621 protuerunt·-

430 1637 508 1695 sicut
534 1638 652 1705 dieitur,
684 1638 825 1696 dissaisiti
856 1642 938 1704 estis,
965 1641 1013 1695 vel
1044 1640 1070 1696 si
1102 1639 1173 1712 qnid
1203 1639 1284 1694 aliud
1313 1639 1483 1694 innovatum
1497 1624 1631 1707 {ffigfssfbli

430 1723 521 1778 inerit
547 1730 614 1795 post
640 1725 751 1781 exit-um
778 1726 885 1797 prioris
909 1726 1011 1790 vostri,
1031 1724 1106 1779 nihil
1131 1724 1293 1780 consultius
1321 1723 1370 1795 ogi
1398 1738 1484 1794 posse

429 1807 546 1863 ridetur·
564 1806 601 1864 iis
620 1809 672 1881 qui
699 1816 777 1865 recto
806 1809 931 1880 sapiunt,
959 1827 1046 1880 quum
1071 1815 1104 1864 ut
1132 1807 1304 1879 significetis
1328 1826 1381 1879 per·
1400 1823 1484 1877 expo-

429 1889 609 1947 ditissinmm
639 1911 790 1949 cursorem
821 1893 859 1948 iis
891 1893 942 1963 qni
973 1893 1052 1963 apud
1089 1893 1201 1947 curiam
1233 1898 1301 1947 sunt
1331 1890 1481 1947 fratribus.

431 1976 512 2029 State
530 1975 647 2031 interim
666 1977 792 2032 virilitor·
811 1983 931 2047 ugentes
957 1977 988 2030 in
1006 1976 1141 2040 Domino,
1162 1975 1235 2030 nihil
1256 1981 1429 2040 metuentes,
1457 1975 1482 2029 si
1495 1968 1640 2071 ecgffflffl

430 2057 689 2116 intumescentibus
728 2061 865 2117 fluctibns
905 2060 988 2115 nevis
1018 2060 1101 2114 Petri
1132 2059 1248 2115 concuti
1279 2059 1415 2115 rideatur
1446 2057 1484 2112 od
1591 2051 1597 2062 '

431 2150 555 2215 tempus.
583 2144 707 2200 Goucnti
726 2146 804 2200 enim
822 2150 929 2216 potest,
944 2145 1041 2216 perire
1060 2162 1118 2199 non
1134 2151 1241 2216 potest,
1263 2144 1333 2215 quia
1345 2143 1482 2199 Christus

430 2226 458 2283 in
477 2245 512 2284 ea
530 2235 560 2284 et
578 2248 646 2285 oum
664 2224 699 2285 es
717 2236 762 2286 est
790 2249 883 2301 usquc
908 2230 946 2284 ad
970 2230 1251 2285 consummationem
1277 2228 1386 2284 sarculi.
1427 2227 1484 2295 Qui

431 2312 455 2367 si
480 2312 608 2368 dormire
632 2313 749 2370 videtur
772 2333 825 2385 pro
856 2314 971 2370 modica
994 2315 1052 2368 fide
1083 2313 1296 2384 discipulorum
1323 2311 1481 2384 probandis,

430 2396 599 2453 excitandus
625 2407 670 2454 est
695 2399 841 2470 precibus,
874 2405 904 2455 et
932 2400 1059 2454 clamore
1089 2399 1255 2455 vehementi
1286 2396 1481 2461 suscitandus,

293 2475 416 2522 fflffffi
429 2499 482 2537 nec
508 2480 710 2539 desistendum
737 2483 903 2556 aliquando,
924 2481 1016 2539 donec
1042 2500 1167 2554 surgens
1194 2484 1319 2554 imperet
1336 2481 1434 2537 ventis
1454 2486 1484 2535 ct

429 2567 513 2632 muri,
533 2574 568 2623 ut
586 2568 637 2624 fiat
654 2568 853 2641 tranquillitas
877 2586 994 2639 magna.
1031 2568 1100 2623 Non
1124 2586 1195 2639 erge
1219 2567 1347 2623 timeatis
1373 2585 1390 2621 a
1410 2566 1484 2622 facio

429 2669 529 2708 oerum
556 2652 607 2724 qui
633 2652 775 2709 tribulant
800 2671 861 2709 ros.
900 2652 1006 2708 Plures
1033 2651 1112 2707 enim
1136 2658 1166 2708 ot
1189 2652 1326 2706 fortiores
1345 2656 1414 2706 sunt
1431 2650 1482 2721 qui

428 2736 580 2794 vobiscum
611 2744 680 2793 sunt
709 2755 799 2808 quam
828 2736 880 2810 qui
910 2743 1010 2793 cenna
1040 2754 1102 2793 vos.
1152 2734 1260 2791 Omnes
1291 2740 1389 2789 autom
1425 2732 1482 2789 viri

428 2820 571 2894 religiosi,
592 2828 735 2894 quotquot
746 2823 824 2879 circa
841 2840 893 2878 nos
912 2828 990 2888 sont,
1011 2819 1199 2877 devotissimo
1218 2837 1335 2876 oausam
1354 2826 1483 2875 vestram
1495 2815 1640 2911 {lillmlffl‘

429 2902 491 2961 Deo
517 2905 637 2962 vocibus
655 2906 866 2963 commendant.
905 2905 965 2962 Sed
988 2905 1019 2960 in
1037 2905 1176 2960 extremis
1195 2904 1300 2960 finibus
1319 2901 1500 2974 religionis·
1540 2894 1548 2910 ’

428 3006 600 3061 pauperum,
621 2991 826 3062 orphanorum,
847 2989 1013 3055 viduarum,
1034 2997 1065 3046 et
1088 2990 1218 3045 omnium
1230 2989 1341 3061 pariter
1359 3006 1484 3044 voxuna

428 3080 488 3140 erm
514 3076 532 3101 ‘⁴
544 3072 625 3129 Dens
644 3074 750 3130 liberet
766 3082 890 3130 matrem
914 3082 1044 3130 nostram
1063 3074 1307 3130 Cantuarionsem
1327 3072 1482 3129 ecclesiam

429 3161 448 3184 ‘¹
468 3157 505 3212 do
535 3158 669 3215 manibus
700 3158 928 3230 oppriment-ium
957 3158 1019 3214 so.''
1066 3159 1135 3231 Ipso
1169 3176 1240 3214 voro
1271 3157 1364 3229 Cujus
1395 3155 1484 3211 fidem

428 3243 540 3313 experti
559 3242 641 3307 estis,
661 3243 818 3314 aliqnando
837 3251 895 3299 stet
919 3243 1032 3309 anxins,
1053 3243 1185 3300 otendit
1209 3261 1333 3314 agonem
1352 3247 1484 3298 vestrum

428 3344 485 3382 non
503 3327 611 3382 minori
630 3327 693 3382 zelo
711 3327 797 3382 modo
817 3346 904 3398 quam
930 3328 1022 3400 prius,
1043 3346 1161 3383 manum
1181 3328 1372 3399 impositurus
1391 3327 1482 3399 operi,

429 3410 455 3467 si
482 3411 592 3466 viderit
616 3412 757 3483 temporis
785 3412 1042 3483 opportunitatem.
1091 3411 1168 3480 Quid
1195 3418 1293 3467 nutem
1320 3412 1398 3467 inter
1421 3412 1485 3465 limo

428 3493 501 3549 mihi
522 3494 670 3566 agendum
696 3495 744 3561 sit,
765 3502 832 3566 poto
859 3514 876 3550 a
900 3502 1000 3551 vestra
1026 3496 1200 3566 paternitate
1219 3495 1292 3549 mihi
1312 3494 1482 3566 significari,

429 3597 496 3634 eum
524 3579 653 3651 aliquem
679 3579 715 3634 dc
741 3580 872 3650 partibus
893 3579 953 3634 illis
979 3581 1037 3634 hnc
1056 3579 1192 3635 advenire
1212 3579 1377 3651 contigerit.
1416 3578 1482 3634 Non

430 3661 536 3718 taedeat
554 3682 616 3729 vos,
638 3682 746 3735 (possse,
768 3664 955 3720 verbositatis
974 3682 1057 3731 mere,
1077 3663 1129 3719 sed
1148 3662 1220 3719 etsi
1240 3663 1311 3734 quid
1330 3663 1426 3719 minus
1440 3683 1484 3719 su·
1504 3686 1510 3697 ·

431 3746 543 3815 pienter
580 3747 691 3803 dietum
728 3754 781 3813 est,
809 3748 876 3804 date
906 3748 1032 3804 venium.
1071 3746 1199 3803 Locutus
1237 3766 1301 3802 sum
1338 3747 1415 3802 enim
1453 3747 1484 3800 in

431 3830 624 3887 amaritudine
643 3833 748 3887 animae
766 3851 849 3898 mese,
870 3851 922 3888 nee
950 3830 1032 3904 potui
1051 3831 1186 3887 cohibere
1206 3831 1341 3903 spiritum
1360 3849 1421 3903 prro
1434 3831 1483 3886 do-

432 3914 649 3987 loroconeepto.
688 3916 767 3971 Bene
786 3916 890 3981 valete,
912 3924 945 3972 ut
971 3936 1023 3972 nos
1042 3915 1148 3971 molius
1173 3915 1321 3972 valcamus
1343 3934 1395 3987 per
1418 3934 1481 3983 vost,

431 4006 461 4055 et
480 4000 610 4072 Spiritus
630 4001 745 4056 consilii
765 4001 805 4057 sit
822 4002 982 4057 vobiscum.

444 4159 552 4218 LXXI.
592 4164 762 4219 Convnsrss
782 4166 1011 4221 &irremissus
1031 4180 1140 4220 crinin
1160 4180 1284 4220 srscnm
1303 4180 1391 4221 inico
1410 4182 1469 4221 suo.

465 4270 642 4327 Audivimus
674 4273 818 4343 quomodo
848 4273 999 4328 steteritis.
1050 4273 1226 4344 Accepimus
1257 4273 1484 4329 consolationem
1497 4290 1570 4344 Reply
1579 4292 1651 4336 ottho

433 4373 519 4425 quam
531 4355 671 4414 maternis
690 4357 875 4429 impendistis
893 4356 1029 4412 miseriis.
1068 4357 1187 4413 Liberot
1204 4357 1284 4413 Deus
1303 4359 1401 4413 oculos
1420 4376 1484 4413 vos·
1495 4346 1652 4437 ffiffim

434 4450 493 4496 tros
511 4458 529 4495 a
547 4442 695 4514 lacrymis,
716 4443 805 4514 pedes
824 4448 937 4499 vestros
959 4461 977 4497 a
1001 4442 1095 4514 lapsu.
1132 4442 1219 4498 Nunc
1244 4461 1314 4514 ergo
1333 4442 1484 4513 negotium
1496 4446 1627 4497 nmmlbr·

434 4524 573 4582 hactenus
600 4526 805 4598 perambulans
830 4527 860 4580 in
884 4524 1020 4591 tenebris,
1047 4526 1077 4581 iu
1103 4526 1278 4582 daemonium
1301 4544 1420 4582 vorsum
1439 4533 1485 4583 est

433 4608 636 4674 meridianum,
656 4617 690 4667 ut
708 4611 822 4666 acutius
849 4611 1012 4666 intuemini.
1051 4611 1175 4666 Ernditn
1200 4617 1245 4666 ost
1263 4611 1401 4666 discretio
1419 4630 1483 4667 ves·

431 4704 476 4749 tra
494 4702 637 4767 qimtenus
656 4696 731 4767 patri
751 4696 864 4759 debeat,
885 4695 956 4766 quid
975 4696 1072 4761 metri,
1094 4702 1234 4765 quantum
1251 4697 1379 4751 veritati.
1413 4697 1482 4752 Cro-

429 4776 525 4834 dimus
544 4778 615 4851 quic
648 4780 673 4834 si
692 4785 771 4835 esset
796 4779 848 4851 qui
875 4798 926 4851 pro
951 4780 1036 4835 domo
1063 4779 1156 4834 Israel
1175 4798 1210 4835 ex
1237 4780 1359 4835 mlverso
1383 4793 1655 4839 ascen-monmorde

429 4862 519 4927 deret,
541 4864 621 4919 solus
640 4882 696 4919 non
715 4871 815 4920 steret.
854 4864 920 4919 Viri
939 4865 1016 4918 onim
1042 4865 1132 4920 sortes
1151 4865 1235 4920 nobis
1254 4866 1478 4936 compatiuntur,
1494 4850 1626 4948 {22²3}

428 4947 535 5017 quibus
563 4955 661 5003 tamen
685 4948 813 5005 nondum
841 4949 872 5003 id
897 4949 1026 5004 euducirc
1052 4958 1097 5005 est
1121 4956 1173 5005 aut
1190 4949 1319 5013 virtutis,
1340 4956 1374 5005 ut
1390 4950 1481 5004 mani·
1494 4946 1579 4990 ¹⁰⁸⁶&

428 5030 495 5088 sesti
513 5032 593 5089 ssaut.
631 5033 748 5090 Horum
766 5039 863 5090 autem
876 5051 989 5101 monus,
1010 5035 1036 5090 si
1054 5036 1095 5091 sit
1106 5036 1157 5108 qui
1173 5035 1275 5090 doceat
1286 5034 1323 5090 ad
1335 5035 1479 5106 preelium,

428 5117 535 5173 molius
562 5117 750 5175 dimicabunt.
789 5120 891 5177 Talem
915 5120 1063 5176 credimus
1083 5121 1213 5177 vicinum
1237 5122 1320 5177 nobis
1338 5128 1368 5176 ot
1386 5122 1482 5193 inagis

428 5200 592 5269 astrictum,
612 5204 767 5261 minimum
785 5221 821 5262 ox
846 5204 929 5262 vobis
948 5204 1137 5272 secerdotum,
1157 5206 1209 5275 qui
1232 5206 1363 5263 crebrius
1387 5212 1484 5263 ostrea
