4192 6392
865 1195 1024 1245 rsuroaa
1046 1196 1208 1246 nonsart
1494 1185 1558 1247 385

857 1993 998 2059 LIBER
1018 1994 1223 2061 TERTIUS.

552 2429 765 2486 COOOXXIX.
804 2431 996 2487 lusoonsrrns
1015 2448 1086 2487 mrs
1103 2448 1222 2487 anrcrus
1240 2447 1366 2487 osismus
1384 2446 1524 2486 russinis
1591 2450 1711 2494 Apum

857 2532 888 2570 m·
906 2517 1020 2571 Arous
1037 2534 1072 2571 rr
1091 2532 1122 2570 nr
1142 2517 1254 2572 Scocra.
1585 2502 1719 2554 amasne.

548 2661 736 2719 Innocentius
757 2664 922 2736 apostoliam
947 2665 1025 2720 sedis
1044 2665 1155 2719 electus
1177 2665 1340 2736 episcopua,
1361 2664 1475 2721 dilectis
1493 2665 1562 2720 filiis
1574 2681 1692 2734 rhenano

514 2747 670 2811 universis,
689 2748 852 2813 abbatibus,
871 2751 1031 2821 prioribus,
1052 2755 1082 2803 et
1101 2748 1167 2804 aliis
1186 2750 1335 2830 religiosis
1354 2767 1407 2820 per
1424 2748 1563 2822 Angliam
1575 2732 1701 2825 {ssffiffihe

514 2836 545 2884 et
564 2830 691 2886 Scotism
715 2834 891 2899 constitutis,
918 2835 1092 2889 salutemet
1112 2833 1302 2904 apostolicam
1320 2834 1561 2889 benedictionem.
1575 2833 1713 2926 “maim

515 2915 675 2972 Ineffabilis
694 2919 837 2988 sapientia
848 2919 975 2973 Deitatis
993 2918 1036 2973 sie
1055 2918 1242 2989 omniaque
1261 2918 1321 2973 alto
1340 2918 1462 2973 consilio
1475 2918 1563 2972 simul
1575 2895 1612 2976 Da
1628 2933 1683 2976 lsnd

514 3000 551 3053 ab
578 3010 687 3056 aeterno
712 3001 856 3073 praevidit,
876 3020 929 3073 per
953 3001 1115 3056 labentium
1141 3008 1307 3072 temporum
1333 3002 1413 3057 vires
1436 3001 1563 3056 mirabili
1576 2982 1703 3082 ffipsffi

514 3084 639 3154 quadam
657 3085 847 3156 dispositione
871 3086 1030 3157 dispensat,
1051 3092 1085 3140 ut
1108 3102 1162 3140 nee
1187 3103 1269 3140 error
1289 3085 1321 3139 in
1339 3085 1440 3139 ordine
1457 3103 1511 3140 nee
1534 3084 1564 3140 in
1577 3083 1709 3178 fflfflno

514 3186 600 3239 opera
619 3170 659 3224 sit
670 3169 811 3235 delectus,
825 3188 903 3235 eum,
917 3170 1017 3224 divina
1035 3169 1181 3240 scriptura
1192 3174 1328 3234 testante,
1348 3175 1453 3224 cuneta
1464 3167 1565 3224 fecerit
1577 3187 1708 3229 sonamus

341 3257 421 3302 wiso.
430 3258 460 3301 xi.
469 3262 500 3303 21.
513 3253 544 3307 in
561 3271 692 3319 numero,
714 3254 851 3326 pondere,
871 3273 904 3309 ae
931 3271 1079 3309 mensura.
1123 3253 1208 3308 Licet
1233 3270 1304 3324 ergo
1330 3253 1406 3307 nihil
1431 3253 1462 3306 in
1486 3259 1567 3308 terra

513 3337 576 3392 sine
601 3343 680 3393 certa
709 3356 797 3394 eausa
826 3345 856 3393 et
884 3339 1003 3409 propria
1032 3337 1145 3392 ratione
1175 3336 1333 3408 dispensat,
1362 3336 1566 3408 imperfectum

513 3429 610 3476 tamen
628 3421 803 3477 conditionis
821 3422 955 3477 humanas
979 3440 1037 3477 non
1056 3420 1151 3476 solum
1169 3421 1201 3475 in
1218 3421 1314 3476 causis
1333 3438 1455 3491 operum
1468 3419 1567 3474 deficit
1578 3437 1732 3483 thobstowal

1578 3387 1648 3437 elder,
1656 3389 1682 3431 in

513 3505 741 3575 perscrutandis,
768 3524 872 3560 verum
898 3506 988 3561 etiam
1013 3506 1044 3560 in
1072 3504 1145 3575 ipsis
1173 3522 1328 3560 causarum
1355 3504 1492 3575 operibus
1516 3503 1566 3558 rix
1578 3490 1691 3541 dmm·

514 3590 621 3644 suffieit
647 3590 795 3645 admirari.
841 3589 925 3658 Quod
952 3590 1057 3661 utique
1086 3588 1272 3644 considerans
1300 3590 1448 3660 apostolus
1474 3588 1567 3644 excla-

513 3674 620 3739 mabat,
650 3673 708 3730 “0
738 3674 862 3730 altitudo
888 3674 1060 3730 divitiarum
1091 3673 1241 3745 sapientia
1271 3679 1302 3728 et
1331 3673 1462 3729 scientiae
1498 3671 1564 3738 Dei,

516 3761 535 3784 “
555 3776 643 3828 quam
655 3758 962 3830 incomprehensibilia
980 3764 1049 3813 sunt
1057 3757 1172 3829 judicia
1189 3757 1273 3829 Ejus,
1294 3763 1324 3812 et
1342 3756 1566 3829 investigabiles

344 3850 493 3894 somata.
517 3844 535 3868 “
554 3843 611 3896 viae
636 3842 740 3914 Ejus.’‘
789 3842 931 3911 Quamvis
956 3843 1035 3897 enim
1062 3842 1209 3896 universae
1234 3842 1290 3898 viae
1316 3842 1435 3897 Domini
1453 3843 1568 3897 miseri-

341 3939 471 3983 Psnno.
515 3926 614 3981 cordia
633 3933 664 3981 et
688 3927 808 3993 veritas,
835 3934 865 3983 et
891 3927 989 3982 omnia
1014 3943 1104 3998 opera
1127 3927 1201 3998 Ejus
1216 3926 1331 3997 judicia
1349 3929 1417 3992 sint,
1437 3932 1564 3982 testante

341 4014 419 4108 peut.
428 4015 494 4056 mii.
514 4011 664 4082 propheta,
679 4028 772 4081 usque
785 4012 858 4066 adeo
869 4016 968 4066 tamen
980 4028 1135 4066 successus
1148 4011 1309 4076 hominum,
1323 4011 1565 4076 humiliationem,

514 4100 543 4148 et
572 4094 778 4150 exaltationem
802 4113 904 4151 eorum
930 4095 1051 4150 dextera
1076 4094 1207 4159 Domini,
1233 4095 1305 4150 lieet
1330 4096 1421 4166 justa,
1454 4097 1568 4151 occulta

514 4186 616 4234 tamen
640 4181 764 4246 ratione,
784 4186 931 4251 procurat,
951 4185 986 4235 ut
1011 4197 1099 4235 eausa
1120 4180 1203 4235 nobis
1229 4198 1287 4234 non
1312 4180 1420 4235 modici
1440 4180 1568 4252 stuporis

514 4263 628 4328 existat,
650 4265 729 4336 quod
746 4265 777 4319 in
801 4265 948 4337 regimine
968 4264 1123 4335 potestatis
1146 4264 1279 4336 juniores
1299 4266 1473 4336 quandoque
1492 4265 1567 4319 seni-

340 4351 383 4395 Pa·
392 4347 438 4391 xlv.
446 4348 478 4392 ¹⁷·
514 4350 612 4405 oribus
642 4352 809 4424 anteponit:
841 4356 876 4406 ut
901 4351 987 4422 juxta
1024 4351 1208 4423 prophetam,
1241 4350 1294 4404 filii
1330 4356 1487 4407 nascantur·
1514 4367 1567 4420 pro

514 4435 656 4504 patribus,
688 4437 739 4508 qui
770 4453 859 4508 super
883 4452 999 4490 omnem
1032 4442 1142 4491 terram
1171 4435 1319 4507 principes
1342 4435 1490 4489 constituti
1510 4434 1568 4487 Do-

514 4518 614 4573 miniei
639 4520 763 4575 nominis
782 4519 989 4589 recordentur,
1016 4520 1094 4576 sicut
1123 4519 1159 4574 de
1189 4518 1272 4573 nobis
1297 4519 1371 4588 ipsis
1401 4535 1419 4572 a
1442 4517 1568 4572 Domino

338 4602 624 4662 Ps.cxviii.aa.laetum
655 4609 709 4667 est,
742 4608 772 4658 et
797 4609 842 4659 est
870 4603 1006 4658 mirabile
1035 4604 1065 4658 in
1093 4603 1185 4659 oeulis
1213 4602 1331 4658 nostris
1371 4601 1447 4656 Sane
1472 4600 1567 4656 felicis

515 4685 666 4741 memorias
692 4687 861 4753 Ooelestino,
881 4694 965 4759 patro
992 4706 1026 4742 ac
1052 4686 1266 4758 praedecessore
1296 4692 1404 4750 nostro,
1433 4685 1473 4740 vi.
1501 4684 1567 4740 idua

517 4843 629 4850 --—-
863 4841 981 4848 ..-..--
1342 4839 1375 4844 .-
1403 4836 1567 4844 -ᾁ--ῇ

551 4930 641 4980 ¹Tbis
663 4931 735 4981 letter
757 4932 780 4981 is
801 4931 902 4996 printed
923 4946 1017 4994 among
1067 4930 1115 4979 111.
1146 4928 1281 4992 (Iotbario
1297 4927 1338 4977 dei
1351 4926 1464 4977 Contidi
1477 4927 1568 4993 Segni)

516 5008 560 5058 the
582 5009 691 5073 Epistles
708 5011 739 5060 of
756 5010 881 5060 Innooeat
899 5009 957 5069 111,
977 5010 1016 5059 ed.
1067 5023 1119 5059 aas
1126 5009 1220 5058 elected
1231 5021 1294 5070 pope
1306 5021 1339 5055 on
1347 5004 1390 5056 the
1399 5006 1443 5056 eth
1452 5006 1483 5055 os
1489 5007 1570 5058 Jonu·

517 5088 607 5138 Baluz.
632 5088 712 5149 Paris,
734 5095 806 5151 1682,
829 5090 872 5140 lib.
897 5089 914 5141 i.
938 5104 977 5153 ep.
999 5088 1017 5139 i.
1068 5103 1116 5153 ary
1139 5092 1211 5148 119⁸,
1231 5088 1282 5136 and
1301 5086 1462 5136 consecrated
1478 5102 1512 5136 ou
1527 5086 1570 5137 the

520 5158 720 5230 florebam,
744 5170 790 5220 tre.
809 5169 855 5219 &e
894 5168 1018 5219 Innoeent
1070 5166 1180 5217 waslof
1186 5166 1325 5232 February.

612 5266 688 5315 VOL.
711 5267 746 5316 Π.
1373 5263 1395 5310 Β
1417 5263 1437 5311 D
