<?xml version="1.0" encoding="UTF-8"?>
<!DOCTYPE html PUBLIC "-//W3C//DTD XHTML 1.0 Transitional//EN"
    "http://www.w3.org/TR/xhtml1/DTD/xhtml1-transitional.dtd">
<html xmlns="http://www.w3.org/1999/xhtml" xml:lang="en" lang="en">
 <head>
  <title>
</title>
<meta http-equiv="Content-Type" content="text/html;charset=utf-8" />
  <meta name='ocr-system' content='tesseract 3.04.00' />
  <meta name='ocr-capabilities' content='ocr_page ocr_carea ocr_par ocr_line ocrx_word'/>
</head>
<body>
  <div class='ocr_page' id='page_1' title='image "./epistolaecantua00stubgoog_0604.png"; bbox 0 0 4192 6392; ppageno 0'>
   <div class='ocr_carea' id='block_1_1' title="bbox 605 1171 1377 1247">
    <p class='ocr_par' dir='ltr' id='par_1_1' title="bbox 605 1171 1377 1247">
     <span class='ocr_line' id='line_1_1' title="bbox 605 1171 1377 1247; baseline -0.006 -9"><span class='ocrx_word' id='word_1_1' title='bbox 605 1171 671 1239; x_wconf 77' lang='lat'>402</span> <span class='ocrx_word' id='word_1_2' title='bbox 889 1185 1062 1239; x_wconf 75' lang='lat' dir='ltr'>nnuman</span> <span class='ocrx_word' id='word_1_3' title='bbox 1084 1179 1377 1247; x_wconf 72' lang='lat' dir='ltr'>ermemmarus,</span> 
     </span>
    </p>
   </div>
   <div class='ocr_carea' id='block_1_2' title="bbox 439 1359 1668 3955">
    <p class='ocr_par' dir='ltr' id='par_1_2' title="bbox 439 1359 1668 3887">
     <span class='ocr_line' id='line_1_2' title="bbox 455 1359 1663 1433; baseline 0.007 -21"><span class='ocrx_word' id='word_1_4' title='bbox 455 1365 577 1413; x_wconf 66' lang='lat' dir='ltr'>alariae</span> <span class='ocrx_word' id='word_1_5' title='bbox 606 1362 659 1419; x_wconf 91' lang='lat' dir='ltr'>illa</span> <span class='ocrx_word' id='word_1_6' title='bbox 677 1378 765 1433; x_wconf 88' lang='lat' dir='ltr'>quam</span> <span class='ocrx_word' id='word_1_7' title='bbox 782 1360 865 1417; x_wconf 81' lang='lat' dir='ltr'>boum</span> <span class='ocrx_word' id='word_1_8' title='bbox 891 1359 1040 1416; x_wconf 80' lang='lat' dir='ltr'>memoria</span> <span class='ocrx_word' id='word_1_9' title='bbox 1061 1360 1247 1418; x_wconf 83' lang='lat' dir='ltr'>Baldeuiuus</span> <span class='ocrx_word' id='word_1_10' title='bbox 1275 1361 1420 1433; x_wconf 87' lang='lat' dir='ltr'>quondam</span> <span class='ocrx_word' id='word_1_11' title='bbox 1439 1359 1663 1420; x_wconf 76' lang='lat' dir='ltr'>Centauricusis</span> 
     </span>
     <span class='ocr_line' id='line_1_3' title="bbox 458 1418 1663 1526; baseline -0.001 -23"><span class='ocrx_word' id='word_1_12' title='bbox 458 1418 577 1526; x_wconf 39' lang='grc' dir='ltr'>,αἴθῃ</span> <span class='ocrx_word' id='word_1_13' title='bbox 606 1447 841 1520; x_wconf 78' lang='lat' dir='ltr'>archiepiscopus</span> <span class='ocrx_word' id='word_1_14' title='bbox 859 1445 891 1501; x_wconf 91' lang='lat' dir='ltr'>in</span> <span class='ocrx_word' id='word_1_15' title='bbox 915 1444 1048 1516; x_wconf 88' lang='lat' dir='ltr'>ejusdem</span> <span class='ocrx_word' id='word_1_16' title='bbox 1072 1446 1204 1502; x_wconf 77' lang='lat' dir='ltr'>ecclesiae</span> <span class='ocrx_word' id='word_1_17' title='bbox 1220 1446 1436 1518; x_wconf 83' lang='lat' dir='ltr'>praejudieium,</span> <span class='ocrx_word' id='word_1_18' title='bbox 1462 1448 1553 1502; x_wconf 90' lang='lat' dir='ltr'>immo</span> <span class='ocrx_word' id='word_1_19' title='bbox 1579 1465 1663 1503; x_wconf 90' lang='lat' dir='ltr'>soan-</span> 
     </span>
     <span class='ocr_line' id='line_1_4' title="bbox 439 1530 1664 1602; baseline -0.001 -15"><span class='ocrx_word' id='word_1_20' title='bbox 439 1543 588 1589; x_wconf 75' lang='lat' dir='ltr'>rrnncannot</span> <span class='ocrx_word' id='word_1_21' title='bbox 607 1532 708 1588; x_wconf 89' lang='lat' dir='ltr'>dalum</span> <span class='ocrx_word' id='word_1_22' title='bbox 725 1536 756 1587; x_wconf 86' lang='lat' dir='ltr'>et</span> <span class='ocrx_word' id='word_1_23' title='bbox 772 1531 898 1596; x_wconf 89' lang='lat' dir='ltr'>ruinam,</span> <span class='ocrx_word' id='word_1_24' title='bbox 918 1531 1014 1602; x_wconf 86' lang='lat' dir='ltr'>primo</span> <span class='ocrx_word' id='word_1_25' title='bbox 1032 1530 1111 1601; x_wconf 91' lang='lat' dir='ltr'>apud</span> <span class='ocrx_word' id='word_1_26' title='bbox 1123 1530 1308 1596; x_wconf 88' lang='lat' dir='ltr'>Hakentuue,</span> <span class='ocrx_word' id='word_1_27' title='bbox 1322 1537 1424 1602; x_wconf 87' lang='lat' dir='ltr'>postea</span> <span class='ocrx_word' id='word_1_28' title='bbox 1442 1531 1519 1602; x_wconf 90' lang='lat' dir='ltr'>apud</span> <span class='ocrx_word' id='word_1_29' title='bbox 1531 1531 1664 1586; x_wconf 82' lang='lat' dir='ltr'>Lamhee</span> 
     </span>
     <span class='ocr_line' id='line_1_5' title="bbox 440 1594 1664 1696; baseline 0.001 -25"><span class='ocrx_word' id='word_1_30' title='bbox 440 1594 575 1696; x_wconf 54' lang='lat' dir='ltr'>ffidgoffl,</span> <span class='ocrx_word' id='word_1_31' title='bbox 607 1616 708 1681; x_wconf 84' lang='lat' dir='ltr'>erexit,</span> <span class='ocrx_word' id='word_1_32' title='bbox 728 1615 835 1671; x_wconf 88' lang='lat' dir='ltr'>habeat</span> <span class='ocrx_word' id='word_1_33' title='bbox 851 1615 1140 1670; x_wconf 88' lang='lat' dir='ltr'>consummationem.</span> <span class='ocrx_word' id='word_1_34' title='bbox 1178 1615 1293 1671; x_wconf 89' lang='lat' dir='ltr'>Intuitu</span> <span class='ocrx_word' id='word_1_35' title='bbox 1311 1616 1403 1686; x_wconf 86' lang='lat' dir='ltr'>igitur</span> <span class='ocrx_word' id='word_1_36' title='bbox 1416 1615 1472 1670; x_wconf 86' lang='lat' dir='ltr'>Dei</span> <span class='ocrx_word' id='word_1_37' title='bbox 1490 1623 1520 1671; x_wconf 89' lang='lat' dir='ltr'>et</span> <span class='ocrx_word' id='word_1_38' title='bbox 1537 1617 1664 1687; x_wconf 79' lang='lat' dir='ltr'>gloriosi</span> 
     </span>
     <span class='ocr_line' id='line_1_6' title="bbox 440 1696 1664 1790; baseline 0.001 -35"><span class='ocrx_word' id='word_1_39' title='bbox 440 1696 590 1790; x_wconf 49' lang='lat' dir='ltr'>{alffiffih</span> <span class='ocrx_word' id='word_1_40' title='bbox 607 1701 747 1770; x_wconf 82' lang='lat' dir='ltr'>martyria</span> <span class='ocrx_word' id='word_1_41' title='bbox 773 1699 893 1755; x_wconf 75' lang='lat' dir='ltr'>&#39;Phourai</span> <span class='ocrx_word' id='word_1_42' title='bbox 919 1699 1093 1764; x_wconf 83' lang='lat' dir='ltr'>reverentia,</span> <span class='ocrx_word' id='word_1_43' title='bbox 1113 1699 1197 1769; x_wconf 87' lang='lat' dir='ltr'>cujus</span> <span class='ocrx_word' id='word_1_44' title='bbox 1225 1700 1367 1756; x_wconf 88' lang='lat' dir='ltr'>memoria</span> <span class='ocrx_word' id='word_1_45' title='bbox 1383 1700 1415 1755; x_wconf 91' lang='lat' dir='ltr'>in</span> <span class='ocrx_word' id='word_1_46' title='bbox 1432 1701 1555 1771; x_wconf 78' lang='lat' dir='ltr'>praelata</span> <span class='ocrx_word' id='word_1_47' title='bbox 1579 1701 1664 1772; x_wconf 82' lang='lat' dir='ltr'>viget</span> 
     </span>
     <span class='ocr_line' id='line_1_7' title="bbox 439 1784 1663 1856; baseline 0.002 -18"><span class='ocrx_word' id='word_1_48' title='bbox 439 1797 571 1841; x_wconf 73' lang='lat' dir='ltr'>totom-</span> <span class='ocrx_word' id='word_1_49' title='bbox 608 1785 741 1849; x_wconf 88' lang='lat' dir='ltr'>ecclesia,</span> <span class='ocrx_word' id='word_1_50' title='bbox 761 1784 925 1840; x_wconf 73' lang='lat' dir='ltr'>clementias</span> <span class='ocrx_word' id='word_1_51' title='bbox 942 1790 1049 1841; x_wconf 83' lang='lat' dir='ltr'>vestrm</span> <span class='ocrx_word' id='word_1_52' title='bbox 1068 1785 1166 1856; x_wconf 86' lang='lat' dir='ltr'>gratia</span> <span class='ocrx_word' id='word_1_53' title='bbox 1183 1784 1404 1842; x_wconf 76' lang='lat' dir='ltr'>(lantuarieusia</span> <span class='ocrx_word' id='word_1_54' title='bbox 1422 1786 1554 1841; x_wconf 70' lang='lat' dir='ltr'>ecclesiae</span> <span class='ocrx_word' id='word_1_55' title='bbox 1578 1785 1663 1841; x_wconf 87' lang='lat' dir='ltr'>deso·</span> 
     </span>
     <span class='ocr_line' id='line_1_8' title="bbox 440 1846 1663 1942; baseline 0.001 -18"><span class='ocrx_word' id='word_1_56' title='bbox 440 1846 526 1903; x_wconf 62' lang='lat' dir='ltr'>PM</span> <span class='ocrx_word' id='word_1_57' title='bbox 608 1869 710 1926; x_wconf 87' lang='lat' dir='ltr'>lationi</span> <span class='ocrx_word' id='word_1_58' title='bbox 736 1868 889 1924; x_wconf 87' lang='lat' dir='ltr'>subveniat</span> <span class='ocrx_word' id='word_1_59' title='bbox 914 1874 945 1924; x_wconf 92' lang='lat' dir='ltr'>et</span> <span class='ocrx_word' id='word_1_60' title='bbox 970 1869 1075 1925; x_wconf 86' lang='lat' dir='ltr'>ruima.</span> <span class='ocrx_word' id='word_1_61' title='bbox 1125 1868 1190 1940; x_wconf 77' lang='lat' dir='ltr'>Qua</span> <span class='ocrx_word' id='word_1_62' title='bbox 1217 1869 1296 1925; x_wconf 87' lang='lat' dir='ltr'>enim</span> <span class='ocrx_word' id='word_1_63' title='bbox 1325 1887 1405 1942; x_wconf 88' lang='lat' dir='ltr'>pace,</span> <span class='ocrx_word' id='word_1_64' title='bbox 1438 1887 1497 1941; x_wconf 89' lang='lat' dir='ltr'>qua</span> <span class='ocrx_word' id='word_1_65' title='bbox 1524 1870 1663 1926; x_wconf 88' lang='lat' dir='ltr'>libertate</span> 
     </span>
     <span class='ocr_line' id='line_1_9' title="bbox 607 1953 1663 2025; baseline 0.002 -17"><span class='ocrx_word' id='word_1_66' title='bbox 607 1954 716 2025; x_wconf 86' lang='lat' dir='ltr'>poterit</span> <span class='ocrx_word' id='word_1_67' title='bbox 732 1953 769 2006; x_wconf 92' lang='lat' dir='ltr'>de</span> <span class='ocrx_word' id='word_1_68' title='bbox 786 1958 892 2009; x_wconf 79' lang='lat' dir='ltr'>cratero</span> <span class='ocrx_word' id='word_1_69' title='bbox 909 1953 1049 2024; x_wconf 88' lang='lat' dir='ltr'>gaudere,</span> <span class='ocrx_word' id='word_1_70' title='bbox 1069 1971 1137 2010; x_wconf 93' lang='lat' dir='ltr'>eum</span> <span class='ocrx_word' id='word_1_71' title='bbox 1160 1953 1293 2010; x_wconf 73' lang='lat' dir='ltr'>fiofitiam</span> <span class='ocrx_word' id='word_1_72' title='bbox 1311 1954 1393 2009; x_wconf 90' lang='lat' dir='ltr'>illam</span> <span class='ocrx_word' id='word_1_73' title='bbox 1410 1958 1441 2009; x_wconf 89' lang='lat' dir='ltr'>et</span> <span class='ocrx_word' id='word_1_74' title='bbox 1467 1953 1663 2010; x_wconf 85' lang='lat' dir='ltr'>adulterinam</span> 
     </span>
     <span class='ocr_line' id='line_1_10' title="bbox 607 2037 1662 2111; baseline 0.002 -17"><span class='ocrx_word' id='word_1_75' title='bbox 607 2037 717 2094; x_wconf 86' lang='lat' dir='ltr'>viderit</span> <span class='ocrx_word' id='word_1_76' title='bbox 734 2042 834 2094; x_wconf 78' lang='lat' dir='ltr'>eontra</span> <span class='ocrx_word' id='word_1_77' title='bbox 851 2056 884 2094; x_wconf 88' lang='lat' dir='ltr'>so</span> <span class='ocrx_word' id='word_1_78' title='bbox 912 2043 1039 2094; x_wconf 85' lang='lat' dir='ltr'>erectam</span> <span class='ocrx_word' id='word_1_79' title='bbox 1066 2043 1097 2094; x_wconf 89' lang='lat' dir='ltr'>et</span> <span class='ocrx_word' id='word_1_80' title='bbox 1122 2039 1224 2110; x_wconf 90' lang='lat' dir='ltr'>spoliis</span> <span class='ocrx_word' id='word_1_81' title='bbox 1252 2039 1313 2095; x_wconf 91' lang='lat' dir='ltr'>suis</span> <span class='ocrx_word' id='word_1_82' title='bbox 1340 2038 1483 2096; x_wconf 71' lang='lat' dir='ltr'>ditatam?</span> <span class='ocrx_word' id='word_1_83' title='bbox 1527 2040 1567 2094; x_wconf 83' lang='lat' dir='ltr'>Et</span> <span class='ocrx_word' id='word_1_84' title='bbox 1593 2041 1662 2111; x_wconf 90' lang='lat' dir='ltr'>quis</span> 
     </span>
     <span class='ocr_line' id='line_1_11' title="bbox 607 2121 1663 2193; baseline 0.002 -15"><span class='ocrx_word' id='word_1_85' title='bbox 607 2122 666 2178; x_wconf 87' lang='lat' dir='ltr'>crit</span> <span class='ocrx_word' id='word_1_86' title='bbox 690 2127 784 2179; x_wconf 85' lang='lat' dir='ltr'>status</span> <span class='ocrx_word' id='word_1_87' title='bbox 811 2121 944 2179; x_wconf 80' lang='lat' dir='ltr'>ecclesiae</span> <span class='ocrx_word' id='word_1_88' title='bbox 962 2122 1135 2193; x_wconf 86' lang='lat' dir='ltr'>Anglioame</span> <span class='ocrx_word' id='word_1_89' title='bbox 1163 2141 1231 2179; x_wconf 89' lang='lat' dir='ltr'>cum</span> <span class='ocrx_word' id='word_1_90' title='bbox 1256 2129 1381 2180; x_wconf 91' lang='lat' dir='ltr'>matrem</span> <span class='ocrx_word' id='word_1_91' title='bbox 1407 2142 1491 2180; x_wconf 91' lang='lat' dir='ltr'>suam</span> <span class='ocrx_word' id='word_1_92' title='bbox 1509 2124 1663 2180; x_wconf 75' lang='lat' dir='ltr'>cantuari·</span> 
     </span>
     <span class='ocr_line' id='line_1_12' title="bbox 607 2206 1661 2280; baseline 0.003 -18"><span class='ocrx_word' id='word_1_93' title='bbox 607 2224 708 2262; x_wconf 87' lang='lat' dir='ltr'>ensem</span> <span class='ocrx_word' id='word_1_94' title='bbox 732 2207 889 2263; x_wconf 90' lang='lat' dir='ltr'>ecclesiam</span> <span class='ocrx_word' id='word_1_95' title='bbox 913 2207 1065 2264; x_wconf 90' lang='lat' dir='ltr'>tabescere</span> <span class='ocrx_word' id='word_1_96' title='bbox 1089 2206 1197 2263; x_wconf 87' lang='lat' dir='ltr'>viderit</span> <span class='ocrx_word' id='word_1_97' title='bbox 1222 2207 1254 2263; x_wconf 93' lang='lat' dir='ltr'>in</span> <span class='ocrx_word' id='word_1_98' title='bbox 1283 2208 1421 2280; x_wconf 89' lang='lat' dir='ltr'>angustia</span> <span class='ocrx_word' id='word_1_99' title='bbox 1450 2216 1481 2264; x_wconf 90' lang='lat' dir='ltr'>et</span> <span class='ocrx_word' id='word_1_100' title='bbox 1509 2207 1661 2265; x_wconf 81' lang='lat' dir='ltr'>moeroreP</span> 
     </span>
     <span class='ocr_line' id='line_1_13' title="bbox 441 2292 1660 2364; baseline 0.007 -24"><span class='ocrx_word' id='word_1_101' title='bbox 441 2297 585 2342; x_wconf 72' lang='lat' dir='ltr'>moenum</span> <span class='ocrx_word' id='word_1_102' title='bbox 607 2292 783 2347; x_wconf 80' lang='lat' dir='ltr'>&#39;l&#39;imendum</span> <span class='ocrx_word' id='word_1_103' title='bbox 800 2311 837 2347; x_wconf 93' lang='lat' dir='ltr'>ne</span> <span class='ocrx_word' id='word_1_104' title='bbox 855 2292 887 2348; x_wconf 90' lang='lat' dir='ltr'>iu</span> <span class='ocrx_word' id='word_1_105' title='bbox 905 2310 937 2349; x_wconf 92' lang='lat' dir='ltr'>se</span> <span class='ocrx_word' id='word_1_106' title='bbox 955 2293 1052 2364; x_wconf 80' lang='lat' dir='ltr'>ipsam</span> <span class='ocrx_word' id='word_1_107' title='bbox 1070 2292 1166 2349; x_wconf 88' lang='lat' dir='ltr'>divisa</span> <span class='ocrx_word' id='word_1_108' title='bbox 1183 2293 1309 2349; x_wconf 82' lang='lat' dir='ltr'>ecclesia</span> <span class='ocrx_word' id='word_1_109' title='bbox 1334 2293 1502 2361; x_wconf 81' lang='lat' dir='ltr'>desoletur3</span> <span class='ocrx_word' id='word_1_110' title='bbox 1522 2300 1552 2349; x_wconf 90' lang='lat' dir='ltr'>et</span> <span class='ocrx_word' id='word_1_111' title='bbox 1568 2299 1660 2360; x_wconf 87' lang='lat' dir='ltr'>certo,</span> 
     </span>
     <span class='ocr_line' id='line_1_14' title="bbox 440 2349 1661 2450; baseline 0.001 -17"><span class='ocrx_word' id='word_1_112' title='bbox 440 2349 579 2444; x_wconf 45' lang='lat' dir='ltr'>gumane</span> <span class='ocrx_word' id='word_1_113' title='bbox 606 2377 725 2433; x_wconf 86' lang='lat' dir='ltr'>turbata</span> <span class='ocrx_word' id='word_1_114' title='bbox 742 2377 876 2443; x_wconf 90' lang='lat' dir='ltr'>ccclesia,</span> <span class='ocrx_word' id='word_1_115' title='bbox 896 2377 981 2448; x_wconf 85' lang='lat' dir='ltr'>regni</span> <span class='ocrx_word' id='word_1_116' title='bbox 1005 2376 1133 2447; x_wconf 87' lang='lat' dir='ltr'>negotiis</span> <span class='ocrx_word' id='word_1_117' title='bbox 1158 2395 1215 2449; x_wconf 81' lang='lat' dir='ltr'>pax</span> <span class='ocrx_word' id='word_1_118' title='bbox 1232 2382 1262 2433; x_wconf 90' lang='lat' dir='ltr'>ct</span> <span class='ocrx_word' id='word_1_119' title='bbox 1279 2377 1401 2434; x_wconf 90' lang='lat' dir='ltr'>honesta</span> <span class='ocrx_word' id='word_1_120' title='bbox 1419 2378 1502 2450; x_wconf 89' lang='lat' dir='ltr'>quies</span> <span class='ocrx_word' id='word_1_121' title='bbox 1520 2396 1661 2434; x_wconf 92' lang='lat' dir='ltr'>essenon</span> 
     </span>
     <span class='ocr_line' id='line_1_15' title="bbox 440 2449 1663 2552; baseline 0.001 -34"><span class='ocrx_word' id='word_1_122' title='bbox 440 2449 533 2552; x_wconf 49' lang='lat' dir='ltr'><strong>m</strong></span> <span class='ocrx_word' id='word_1_123' title='bbox 607 2462 724 2534; x_wconf 88' lang='lat' dir='ltr'>poterit.</span> <span class='ocrx_word' id='word_1_124' title='bbox 755 2461 881 2518; x_wconf 79' lang='lat' dir='ltr'>Avertat</span> <span class='ocrx_word' id='word_1_125' title='bbox 897 2462 953 2518; x_wconf 92' lang='lat' dir='ltr'>hoc</span> <span class='ocrx_word' id='word_1_126' title='bbox 965 2462 1046 2518; x_wconf 87' lang='lat' dir='ltr'>Deus</span> <span class='ocrx_word' id='word_1_127' title='bbox 1059 2468 1090 2518; x_wconf 89' lang='lat' dir='ltr'>et</span> <span class='ocrx_word' id='word_1_128' title='bbox 1106 2462 1419 2533; x_wconf 87' lang='lat' dir='ltr'>regiamaguificentia</span> <span class='ocrx_word' id='word_1_129' title='bbox 1434 2468 1542 2520; x_wconf 82' lang='lat' dir='ltr'>vestra</span> <span class='ocrx_word' id='word_1_130' title='bbox 1576 2463 1663 2519; x_wconf 86' lang='lat' dir='ltr'>Inoa</span> 
     </span>
     <span class='ocr_line' id='line_1_16' title="bbox 439 2544 1662 2619; baseline 0 -16"><span class='ocrx_word' id='word_1_131' title='bbox 439 2551 510 2598; x_wconf 78' lang='lat' dir='ltr'>taem</span> <span class='ocrx_word' id='word_1_132' title='bbox 607 2548 702 2619; x_wconf 85' lang='lat' dir='ltr'>igitur</span> <span class='ocrx_word' id='word_1_133' title='bbox 719 2565 778 2618; x_wconf 87' lang='lat' dir='ltr'>qua</span> <span class='ocrx_word' id='word_1_134' title='bbox 788 2547 873 2603; x_wconf 86' lang='lat' dir='ltr'>vobis</span> <span class='ocrx_word' id='word_1_135' title='bbox 891 2547 948 2602; x_wconf 87' lang='lat' dir='ltr'>fide</span> <span class='ocrx_word' id='word_1_136' title='bbox 960 2553 991 2602; x_wconf 90' lang='lat' dir='ltr'>et</span> <span class='ocrx_word' id='word_1_137' title='bbox 1008 2564 1108 2602; x_wconf 90' lang='lat' dir='ltr'>amore</span> <span class='ocrx_word' id='word_1_138' title='bbox 1126 2544 1295 2617; x_wconf 82' lang='lat' dir='ltr'>[tenemur],</span> <span class='ocrx_word' id='word_1_139' title='bbox 1308 2547 1496 2612; x_wconf 84' lang='lat' dir='ltr'>consulimus,</span> <span class='ocrx_word' id='word_1_140' title='bbox 1510 2554 1541 2602; x_wconf 92' lang='lat' dir='ltr'>et</span> <span class='ocrx_word' id='word_1_141' title='bbox 1557 2548 1662 2603; x_wconf 78' lang='lat' dir='ltr'>devote</span> 
     </span>
     <span class='ocr_line' id='line_1_17' title="bbox 607 2630 1664 2705; baseline 0 -18"><span class='ocrx_word' id='word_1_142' title='bbox 607 2631 817 2705; x_wconf 75' lang='lat' dir='ltr'>supplicamus,</span> <span class='ocrx_word' id='word_1_143' title='bbox 837 2636 980 2702; x_wconf 83' lang='lat' dir='ltr'>quatenus</span> <span class='ocrx_word' id='word_1_144' title='bbox 1005 2632 1158 2702; x_wconf 75' lang='lat' dir='ltr'>praefatam</span> <span class='ocrx_word' id='word_1_145' title='bbox 1186 2630 1425 2687; x_wconf 77' lang='lat' dir='ltr'>cantuariensem</span> <span class='ocrx_word' id='word_1_146' title='bbox 1451 2633 1602 2688; x_wconf 86' lang='lat' dir='ltr'>ecclesiam</span> <span class='ocrx_word' id='word_1_147' title='bbox 1630 2633 1664 2687; x_wconf 91' lang='lat' dir='ltr'>iu</span> 
     </span>
     <span class='ocr_line' id='line_1_18' title="bbox 607 2714 1663 2789; baseline 0.001 -19"><span class='ocrx_word' id='word_1_148' title='bbox 607 2733 643 2770; x_wconf 90' lang='lat' dir='ltr'>eo</span> <span class='ocrx_word' id='word_1_149' title='bbox 660 2720 739 2772; x_wconf 88' lang='lat' dir='ltr'>statu</span> <span class='ocrx_word' id='word_1_150' title='bbox 756 2720 787 2770; x_wconf 92' lang='lat' dir='ltr'>et</span> <span class='ocrx_word' id='word_1_151' title='bbox 803 2714 940 2770; x_wconf 88' lang='lat' dir='ltr'>libertate</span> <span class='ocrx_word' id='word_1_152' title='bbox 959 2732 1018 2786; x_wconf 88' lang='lat' dir='ltr'>qua</span> <span class='ocrx_word' id='word_1_153' title='bbox 1035 2732 1130 2784; x_wconf 89' lang='lat' dir='ltr'>usque</span> <span class='ocrx_word' id='word_1_154' title='bbox 1142 2714 1180 2769; x_wconf 91' lang='lat' dir='ltr'>ad</span> <span class='ocrx_word' id='word_1_155' title='bbox 1191 2715 1253 2770; x_wconf 71' lang='lat' dir='ltr'>hare</span> <span class='ocrx_word' id='word_1_156' title='bbox 1266 2720 1399 2788; x_wconf 75' lang='lat' dir='ltr'>tempora</span> <span class='ocrx_word' id='word_1_157' title='bbox 1411 2717 1465 2772; x_wconf 83' lang='lat' dir='ltr'>aub</span> <span class='ocrx_word' id='word_1_158' title='bbox 1483 2716 1663 2789; x_wconf 89' lang='lat' dir='ltr'>protectione</span> 
     </span>
     <span class='ocr_line' id='line_1_19' title="bbox 608 2799 1663 2872; baseline 0 -17"><span class='ocrx_word' id='word_1_159' title='bbox 608 2800 665 2856; x_wconf 92' lang='lat' dir='ltr'>Dei</span> <span class='ocrx_word' id='word_1_160' title='bbox 691 2805 721 2855; x_wconf 89' lang='lat' dir='ltr'>et</span> <span class='ocrx_word' id='word_1_161' title='bbox 746 2804 846 2855; x_wconf 79' lang='lat' dir='ltr'>vestm</span> <span class='ocrx_word' id='word_1_162' title='bbox 870 2800 996 2864; x_wconf 85' lang='lat' dir='ltr'>duravit,</span> <span class='ocrx_word' id='word_1_163' title='bbox 1022 2799 1142 2871; x_wconf 88' lang='lat' dir='ltr'>pacifice</span> <span class='ocrx_word' id='word_1_164' title='bbox 1167 2801 1357 2866; x_wconf 82' lang='lat' dir='ltr'>conservetis,</span> <span class='ocrx_word' id='word_1_165' title='bbox 1379 2819 1433 2857; x_wconf 90' lang='lat' dir='ltr'>nec</span> <span class='ocrx_word' id='word_1_166' title='bbox 1458 2801 1570 2872; x_wconf 88' lang='lat' dir='ltr'>aliquid</span> <span class='ocrx_word' id='word_1_167' title='bbox 1597 2801 1663 2856; x_wconf 88' lang='lat' dir='ltr'>fieri</span> 
     </span>
     <span class='ocr_line' id='line_1_20' title="bbox 606 2883 1664 2957; baseline 0.002 -17"><span class='ocrx_word' id='word_1_168' title='bbox 606 2884 785 2957; x_wconf 86' lang='lat' dir='ltr'>permittatis</span> <span class='ocrx_word' id='word_1_169' title='bbox 813 2883 891 2956; x_wconf 90' lang='lat' dir='ltr'>quod</span> <span class='ocrx_word' id='word_1_170' title='bbox 916 2883 1073 2939; x_wconf 76' lang='lat' dir='ltr'>insolentia</span> <span class='ocrx_word' id='word_1_171' title='bbox 1096 2884 1235 2940; x_wconf 82' lang='lat' dir='ltr'>novitatis</span> <span class='ocrx_word' id='word_1_172' title='bbox 1263 2886 1432 2941; x_wconf 87' lang='lat' dir='ltr'>scandalum</span> <span class='ocrx_word' id='word_1_173' title='bbox 1456 2886 1587 2942; x_wconf 75' lang='lat' dir='ltr'>ecclcsiae</span> <span class='ocrx_word' id='word_1_174' title='bbox 1605 2886 1664 2942; x_wconf 87' lang='lat' dir='ltr'>Dei</span> 
     </span>
     <span class='ocr_line' id='line_1_21' title="bbox 440 2968 1664 3042; baseline 0.002 -18"><span class='ocrx_word' id='word_1_175' title='bbox 440 2986 596 3032; x_wconf 71' lang='lat' dir='ltr'>memmium</span> <span class='ocrx_word' id='word_1_176' title='bbox 608 2973 739 3042; x_wconf 82' lang='lat' dir='ltr'>generet,</span> <span class='ocrx_word' id='word_1_177' title='bbox 778 2973 808 3023; x_wconf 90' lang='lat' dir='ltr'>et</span> <span class='ocrx_word' id='word_1_178' title='bbox 838 2968 1004 3039; x_wconf 73' lang='lat' dir='ltr'>apostolieae</span> <span class='ocrx_word' id='word_1_179' title='bbox 1034 2968 1113 3023; x_wconf 88' lang='lat' dir='ltr'>sedis</span> <span class='ocrx_word' id='word_1_180' title='bbox 1143 2968 1312 3025; x_wconf 73' lang='lat' dir='ltr'>auctoritati</span> <span class='ocrx_word' id='word_1_181' title='bbox 1337 2969 1473 3041; x_wconf 85' lang='lat' dir='ltr'>deroget:</span> <span class='ocrx_word' id='word_1_182' title='bbox 1499 2989 1553 3042; x_wconf 85' lang='lat' dir='ltr'>pro</span> <span class='ocrx_word' id='word_1_183' title='bbox 1582 2978 1664 3027; x_wconf 88' lang='lat' dir='ltr'>certo</span> 
     </span>
     <span class='ocr_line' id='line_1_22' title="bbox 440 3039 1665 3132; baseline 0.002 -24"><span class='ocrx_word' id='word_1_184' title='bbox 440 3039 558 3132; x_wconf 48' lang='grc' dir='ltr'>ΜΝ</span> <span class='ocrx_word' id='word_1_185' title='bbox 608 3054 748 3109; x_wconf 88' lang='lat' dir='ltr'>habentes</span> <span class='ocrx_word' id='word_1_186' title='bbox 784 3051 954 3123; x_wconf 76' lang='lat' dir='ltr'>pradictum</span> <span class='ocrx_word' id='word_1_187' title='bbox 985 3053 1137 3108; x_wconf 89' lang='lat' dir='ltr'>canoniam</span> <span class='ocrx_word' id='word_1_188' title='bbox 1168 3053 1205 3108; x_wconf 92' lang='lat' dir='ltr'>de</span> <span class='ocrx_word' id='word_1_189' title='bbox 1236 3053 1373 3120; x_wconf 88' lang='lat' dir='ltr'>Lamhee,</span> <span class='ocrx_word' id='word_1_190' title='bbox 1393 3055 1429 3109; x_wconf 91' lang='lat' dir='ltr'>de</span> <span class='ocrx_word' id='word_1_191' title='bbox 1460 3071 1603 3110; x_wconf 87' lang='lat' dir='ltr'>consensu</span> <span class='ocrx_word' id='word_1_192' title='bbox 1633 3062 1665 3111; x_wconf 90' lang='lat' dir='ltr'>et</span> 
     </span>
     <span class='ocr_line' id='line_1_23' title="bbox 487 3136 1664 3210; baseline 0 -17"><span class='ocrx_word' id='word_1_193' title='bbox 487 3140 561 3209; x_wconf 56' lang='lat' dir='ltr'>attho</span> <span class='ocrx_word' id='word_1_194' title='bbox 608 3136 818 3196; x_wconf 85' lang='lat' dir='ltr'>deliberatione</span> <span class='ocrx_word' id='word_1_195' title='bbox 846 3136 975 3190; x_wconf 88' lang='lat' dir='ltr'>omnium</span> <span class='ocrx_word' id='word_1_196' title='bbox 1004 3136 1207 3201; x_wconf 83' lang='lat' dir='ltr'>cardinalium,</span> <span class='ocrx_word' id='word_1_197' title='bbox 1229 3137 1381 3192; x_wconf 89' lang='lat' dir='ltr'>adomino</span> <span class='ocrx_word' id='word_1_198' title='bbox 1399 3155 1474 3210; x_wconf 88' lang='lat' dir='ltr'>papa</span> <span class='ocrx_word' id='word_1_199' title='bbox 1491 3148 1522 3192; x_wconf 88' lang='lat' dir='ltr'>et</span> <span class='ocrx_word' id='word_1_200' title='bbox 1547 3156 1565 3192; x_wconf 93' lang='lat' dir='ltr'>a</span> <span class='ocrx_word' id='word_1_201' title='bbox 1589 3157 1664 3210; x_wconf 76' lang='lat' dir='ltr'>praa·</span> 
     </span>
     <span class='ocr_line' id='line_1_24' title="bbox 441 3203 1665 3295; baseline 0.002 -18"><span class='ocrx_word' id='word_1_202' title='bbox 441 3203 590 3284; x_wconf 49' lang='lat' dir='ltr'>ffiiaw</span> <span class='ocrx_word' id='word_1_203' title='bbox 608 3221 811 3278; x_wconf 83' lang='lat' dir='ltr'>decessoribus</span> <span class='ocrx_word' id='word_1_204' title='bbox 830 3221 892 3275; x_wconf 84' lang='lat' dir='ltr'>suia</span> <span class='ocrx_word' id='word_1_205' title='bbox 911 3221 1087 3276; x_wconf 87' lang='lat' dir='ltr'>damnatam.</span> <span class='ocrx_word' id='word_1_206' title='bbox 1125 3221 1188 3277; x_wconf 89' lang='lat' dir='ltr'>Nec</span> <span class='ocrx_word' id='word_1_207' title='bbox 1207 3222 1306 3292; x_wconf 90' lang='lat' dir='ltr'>aliquo</span> <span class='ocrx_word' id='word_1_208' title='bbox 1324 3223 1410 3277; x_wconf 92' lang='lat' dir='ltr'>modo</span> <span class='ocrx_word' id='word_1_209' title='bbox 1428 3240 1582 3294; x_wconf 88' lang='lat' dir='ltr'>possumus</span> <span class='ocrx_word' id='word_1_210' title='bbox 1601 3225 1665 3295; x_wconf 90' lang='lat' dir='ltr'>pati</span> 
     </span>
     <span class='ocr_line' id='line_1_25' title="bbox 441 3293 1667 3379; baseline 0.002 -17"><span class='ocrx_word' id='word_1_211' title='bbox 441 3293 558 3338; x_wconf 44' lang='grc' dir='ltr'>ΜΝ*</span> <span class='ocrx_word' id='word_1_212' title='bbox 609 3326 682 3379; x_wconf 91' lang='lat' dir='ltr'>opus</span> <span class='ocrx_word' id='word_1_213' title='bbox 700 3305 776 3360; x_wconf 89' lang='lat' dir='ltr'>illud</span> <span class='ocrx_word' id='word_1_214' title='bbox 793 3304 951 3376; x_wconf 89' lang='lat' dir='ltr'>procedere</span> <span class='ocrx_word' id='word_1_215' title='bbox 970 3305 1048 3376; x_wconf 91' lang='lat' dir='ltr'>quod</span> <span class='ocrx_word' id='word_1_216' title='bbox 1075 3306 1107 3360; x_wconf 91' lang='lat' dir='ltr'>in</span> <span class='ocrx_word' id='word_1_217' title='bbox 1130 3311 1191 3360; x_wconf 87' lang='lat' dir='ltr'>tarn</span> <span class='ocrx_word' id='word_1_218' title='bbox 1209 3307 1316 3361; x_wconf 89' lang='lat' dir='ltr'>nobilis</span> <span class='ocrx_word' id='word_1_219' title='bbox 1336 3308 1466 3363; x_wconf 74' lang='lat' dir='ltr'>ecelesiae</span> <span class='ocrx_word' id='word_1_220' title='bbox 1484 3309 1667 3364; x_wconf 84' lang='lat' dir='ltr'>construitur</span> 
     </span>
     <span class='ocr_line' id='line_1_26' title="bbox 609 3389 1668 3462; baseline 0.002 -14"><span class='ocrx_word' id='word_1_221' title='bbox 609 3390 839 3448; x_wconf 81' lang='lat' dir='ltr'>subversionem.</span> <span class='ocrx_word' id='word_1_222' title='bbox 874 3389 967 3444; x_wconf 89' lang='lat' dir='ltr'>Nulla</span> <span class='ocrx_word' id='word_1_223' title='bbox 984 3389 1079 3460; x_wconf 85' lang='lat' dir='ltr'>igitur</span> <span class='ocrx_word' id='word_1_224' title='bbox 1097 3392 1220 3456; x_wconf 90' lang='lat' dir='ltr'>ratione,</span> <span class='ocrx_word' id='word_1_225' title='bbox 1235 3391 1260 3446; x_wconf 91' lang='lat' dir='ltr'>si</span> <span class='ocrx_word' id='word_1_226' title='bbox 1275 3392 1380 3462; x_wconf 86' lang='lat' dir='ltr'>placet,</span> <span class='ocrx_word' id='word_1_227' title='bbox 1395 3394 1543 3447; x_wconf 90' lang='lat' dir='ltr'>dominum</span> <span class='ocrx_word' id='word_1_228' title='bbox 1557 3393 1668 3450; x_wconf 78' lang='lat' dir='ltr'>(lautu-</span> 
     </span>
     <span class='ocr_line' id='line_1_27' title="bbox 609 3474 1666 3549; baseline 0.001 -17"><span class='ocrx_word' id='word_1_229' title='bbox 609 3476 755 3532; x_wconf 89' lang='lat' dir='ltr'>arieusem</span> <span class='ocrx_word' id='word_1_230' title='bbox 773 3474 1026 3546; x_wconf 85' lang='lat' dir='ltr'>archiepiscopum</span> <span class='ocrx_word' id='word_1_231' title='bbox 1044 3475 1081 3529; x_wconf 88' lang='lat' dir='ltr'>ab</span> <span class='ocrx_word' id='word_1_232' title='bbox 1108 3475 1207 3546; x_wconf 88' lang='lat' dir='ltr'>aliquo</span> <span class='ocrx_word' id='word_1_233' title='bbox 1226 3474 1364 3546; x_wconf 89' lang='lat' dir='ltr'>impediri</span> <span class='ocrx_word' id='word_1_234' title='bbox 1385 3477 1573 3548; x_wconf 88' lang='lat' dir='ltr'>permittatis,</span> <span class='ocrx_word' id='word_1_235' title='bbox 1594 3497 1666 3549; x_wconf 89' lang='lat' dir='ltr'>qno-</span> 
     </span>
     <span class='ocr_line' id='line_1_28' title="bbox 610 3559 1668 3633; baseline 0.003 -20"><span class='ocrx_word' id='word_1_236' title='bbox 610 3561 707 3614; x_wconf 76' lang='lat' dir='ltr'>minus</span> <span class='ocrx_word' id='word_1_237' title='bbox 726 3559 894 3613; x_wconf 86' lang='lat' dir='ltr'>mundatum</span> <span class='ocrx_word' id='word_1_238' title='bbox 912 3559 1104 3629; x_wconf 82' lang='lat' dir='ltr'>apostolicum</span> <span class='ocrx_word' id='word_1_239' title='bbox 1124 3578 1212 3630; x_wconf 86' lang='lat' dir='ltr'>snper</span> <span class='ocrx_word' id='word_1_240' title='bbox 1225 3560 1411 3615; x_wconf 80' lang='lat' dir='ltr'>demolitione</span> <span class='ocrx_word' id='word_1_241' title='bbox 1423 3562 1556 3631; x_wconf 71' lang='lat' dir='ltr'>predicti</span> <span class='ocrx_word' id='word_1_242' title='bbox 1569 3564 1668 3633; x_wconf 76' lang='lat' dir='ltr'>operis</span> 
     </span>
     <span class='ocr_line' id='line_1_29' title="bbox 611 3643 1668 3717; baseline 0.005 -20"><span class='ocrx_word' id='word_1_243' title='bbox 611 3645 647 3698; x_wconf 89' lang='lat' dir='ltr'>de</span> <span class='ocrx_word' id='word_1_244' title='bbox 667 3643 793 3697; x_wconf 81' lang='lat' dir='ltr'>Lamlree</span> <span class='ocrx_word' id='word_1_245' title='bbox 813 3644 870 3697; x_wconf 79' lang='lat' dir='ltr'>sibi</span> <span class='ocrx_word' id='word_1_246' title='bbox 889 3643 1032 3697; x_wconf 87' lang='lat' dir='ltr'>directum</span> <span class='ocrx_word' id='word_1_247' title='bbox 1052 3645 1145 3714; x_wconf 80' lang='lat' dir='ltr'>possit</span> <span class='ocrx_word' id='word_1_248' title='bbox 1172 3645 1313 3715; x_wconf 87' lang='lat' dir='ltr'>implere;</span> <span class='ocrx_word' id='word_1_249' title='bbox 1342 3645 1393 3699; x_wconf 77' lang='lat' dir='ltr'>sed</span> <span class='ocrx_word' id='word_1_250' title='bbox 1411 3648 1508 3717; x_wconf 86' lang='lat' dir='ltr'>potius</span> <span class='ocrx_word' id='word_1_251' title='bbox 1536 3664 1603 3700; x_wconf 89' lang='lat' dir='ltr'>eum</span> <span class='ocrx_word' id='word_1_252' title='bbox 1631 3649 1668 3702; x_wconf 83' lang='lat' dir='ltr'>ad</span> 
     </span>
     <span class='ocr_line' id='line_1_30' title="bbox 611 3728 1665 3801; baseline 0.003 -19"><span class='ocrx_word' id='word_1_253' title='bbox 611 3729 675 3790; x_wconf 89' lang='lat' dir='ltr'>hoc,</span> <span class='ocrx_word' id='word_1_254' title='bbox 697 3729 721 3781; x_wconf 77' lang='lat' dir='ltr'>ai</span> <span class='ocrx_word' id='word_1_255' title='bbox 749 3728 853 3798; x_wconf 86' lang='lat' dir='ltr'>placet,</span> <span class='ocrx_word' id='word_1_256' title='bbox 875 3728 1029 3796; x_wconf 81' lang='lat' dir='ltr'>induentis,</span> <span class='ocrx_word' id='word_1_257' title='bbox 1050 3734 1083 3782; x_wconf 94' lang='lat' dir='ltr'>ut</span> <span class='ocrx_word' id='word_1_258' title='bbox 1102 3748 1211 3782; x_wconf 89' lang='lat' dir='ltr'>moram</span> <span class='ocrx_word' id='word_1_259' title='bbox 1232 3730 1261 3782; x_wconf 95' lang='lat' dir='ltr'>in</span> <span class='ocrx_word' id='word_1_260' title='bbox 1280 3730 1411 3784; x_wconf 81' lang='lat' dir='ltr'>iaciendo</span> <span class='ocrx_word' id='word_1_261' title='bbox 1439 3748 1494 3784; x_wconf 91' lang='lat' dir='ltr'>non</span> <span class='ocrx_word' id='word_1_262' title='bbox 1524 3732 1665 3801; x_wconf 87' lang='lat' dir='ltr'>patiatur,</span> 
     </span>
     <span class='ocr_line' id='line_1_31' title="bbox 612 3813 1666 3887; baseline 0.004 -20"><span class='ocrx_word' id='word_1_263' title='bbox 612 3813 663 3868; x_wconf 84' lang='lat' dir='ltr'>sed</span> <span class='ocrx_word' id='word_1_264' title='bbox 682 3813 783 3866; x_wconf 91' lang='lat' dir='ltr'>honori</span> <span class='ocrx_word' id='word_1_265' title='bbox 803 3831 855 3867; x_wconf 77' lang='lat' dir='ltr'>auo</span> <span class='ocrx_word' id='word_1_266' title='bbox 873 3813 1016 3868; x_wconf 85' lang='lat' dir='ltr'>maturius</span> <span class='ocrx_word' id='word_1_267' title='bbox 1036 3813 1189 3885; x_wconf 74' lang='lat' dir='ltr'>provideat</span> <span class='ocrx_word' id='word_1_268' title='bbox 1208 3821 1238 3868; x_wconf 85' lang='lat' dir='ltr'>et</span> <span class='ocrx_word' id='word_1_269' title='bbox 1264 3814 1395 3869; x_wconf 71' lang='lat' dir='ltr'>eeclesia</span> <span class='ocrx_word' id='word_1_270' title='bbox 1421 3834 1481 3869; x_wconf 81' lang='lat' dir='ltr'>suae</span> <span class='ocrx_word' id='word_1_271' title='bbox 1500 3817 1666 3887; x_wconf 84' lang='lat' dir='ltr'>tranquilli-</span> 
     </span>
    </p>

    <p class='ocr_par' dir='ltr' id='par_1_3' title="bbox 611 3897 825 3955">
     <span class='ocr_line' id='line_1_32' title="bbox 611 3897 825 3955; baseline -0.019 0"><span class='ocrx_word' id='word_1_272' title='bbox 611 3898 675 3955; x_wconf 87' lang='lat' dir='ltr'>tati.</span> <span class='ocrx_word' id='word_1_273' title='bbox 712 3897 825 3952; x_wconf 86' lang='lat' dir='ltr'>Valete.</span> 
     </span>
    </p>
   </div>
   <div class='ocr_carea' id='block_1_3' title="bbox 495 4114 1529 4177">
    <p class='ocr_par' dir='ltr' id='par_1_4' title="bbox 495 4114 1529 4177">
     <span class='ocr_line' id='line_1_33' title="bbox 495 4114 1529 4177; baseline 0.008 -10"><span class='ocrx_word' id='word_1_274' title='bbox 495 4124 557 4177; x_wconf 78' lang='lat' dir='ltr'>May.</span> <span class='ocrx_word' id='word_1_275' title='bbox 745 4114 938 4170; x_wconf 76' lang='lat' dir='ltr'>CCCCXLV.</span> <span class='ocrx_word' id='word_1_276' title='bbox 977 4116 1107 4170; x_wconf 76' lang='lat' dir='ltr'>Ricnuuo</span> <span class='ocrx_word' id='word_1_277' title='bbox 1126 4132 1193 4171; x_wconf 79' lang='lat' dir='ltr'>uum</span> <span class='ocrx_word' id='word_1_278' title='bbox 1213 4118 1325 4173; x_wconf 80' lang='lat' dir='ltr'>Parnes</span> <span class='ocrx_word' id='word_1_279' title='bbox 1344 4120 1529 4175; x_wconf 72' lang='lat' dir='ltr'>Cercinitis.</span> 
     </span>
    </p>
   </div>
   <div class='ocr_carea' id='block_1_4' title="bbox 445 4225 1668 5148">
    <p class='ocr_par' dir='ltr' id='par_1_5' title="bbox 445 4225 1668 5148">
     <span class='ocr_line' id='line_1_34' title="bbox 446 4225 1667 4302; baseline 0.002 -17"><span class='ocrx_word' id='word_1_280' title='bbox 446 4242 551 4285; x_wconf 70' lang='lat' dir='ltr'>Cardine!</span> <span class='ocrx_word' id='word_1_281' title='bbox 649 4225 723 4281; x_wconf 87' lang='lat' dir='ltr'>Cum</span> <span class='ocrx_word' id='word_1_282' title='bbox 750 4243 838 4296; x_wconf 86' lang='lat' dir='ltr'>snper</span> <span class='ocrx_word' id='word_1_283' title='bbox 864 4227 982 4296; x_wconf 76' lang='lat' dir='ltr'>negotio</span> <span class='ocrx_word' id='word_1_284' title='bbox 1011 4227 1230 4282; x_wconf 77' lang='lat' dir='ltr'>cantuariensis</span> <span class='ocrx_word' id='word_1_285' title='bbox 1259 4231 1398 4294; x_wconf 67' lang='lat' dir='ltr'>ecelesia,</span> <span class='ocrx_word' id='word_1_286' title='bbox 1421 4251 1508 4302; x_wconf 59' lang='lat' dir='ltr'>(lnam</span> <span class='ocrx_word' id='word_1_287' title='bbox 1536 4231 1667 4288; x_wconf 86' lang='lat' dir='ltr'>Romana</span> 
     </span>
     <span class='ocr_line' id='line_1_35' title="bbox 445 4294 1668 4391; baseline 0.002 -26"><span class='ocrx_word' id='word_1_288' title='bbox 445 4294 584 4386; x_wconf 52' lang='lat' dir='ltr'>{ssss‘ffiffi</span> <span class='ocrx_word' id='word_1_289' title='bbox 612 4311 737 4367; x_wconf 87' lang='lat' dir='ltr'>ecclesia</span> <span class='ocrx_word' id='word_1_290' title='bbox 756 4329 871 4382; x_wconf 68' lang='lat' dir='ltr'>semper</span> <span class='ocrx_word' id='word_1_291' title='bbox 894 4312 997 4367; x_wconf 86' lang='lat' dir='ltr'>habuit</span> <span class='ocrx_word' id='word_1_292' title='bbox 1021 4313 1051 4365; x_wconf 91' lang='lat' dir='ltr'>in</span> <span class='ocrx_word' id='word_1_293' title='bbox 1079 4313 1241 4368; x_wconf 73' lang='lat' dir='ltr'>visceribus</span> <span class='ocrx_word' id='word_1_294' title='bbox 1268 4316 1407 4379; x_wconf 68' lang='lat' dir='ltr'>(raritatis,</span> <span class='ocrx_word' id='word_1_295' title='bbox 1428 4317 1562 4371; x_wconf 82' lang='lat' dir='ltr'>dominus</span> <span class='ocrx_word' id='word_1_296' title='bbox 1591 4337 1668 4391; x_wconf 85' lang='lat' dir='ltr'>papa.</span> 
     </span>
     <span class='ocr_line' id='line_1_36' title="bbox 446 4357 1667 4486; baseline 0.008 -37"><span class='ocrx_word' id='word_1_297' title='bbox 446 4357 566 4486; x_wconf 56' lang='lat' dir='ltr'>⁸1¹ff⁰f¹lnl⁰</span> <span class='ocrx_word' id='word_1_298' title='bbox 613 4397 649 4451; x_wconf 93' lang='lat' dir='ltr'>do</span> <span class='ocrx_word' id='word_1_299' title='bbox 681 4397 805 4450; x_wconf 76' lang='lat' dir='ltr'>fratrum</span> <span class='ocrx_word' id='word_1_300' title='bbox 838 4398 960 4451; x_wconf 80' lang='lat' dir='ltr'>consilio</span> <span class='ocrx_word' id='word_1_301' title='bbox 991 4398 1102 4467; x_wconf 83' lang='lat' dir='ltr'>scripta</span> <span class='ocrx_word' id='word_1_302' title='bbox 1140 4399 1300 4469; x_wconf 88' lang='lat' dir='ltr'>apostoliea</span> <span class='ocrx_word' id='word_1_303' title='bbox 1330 4401 1525 4470; x_wconf 83' lang='lat' dir='ltr'>magnitudini</span> <span class='ocrx_word' id='word_1_304' title='bbox 1558 4410 1667 4459; x_wconf 80' lang='lat' dir='ltr'>vestrm</span> 
     </span>
     <span class='ocr_line' id='line_1_37' title="bbox 446 4458 1667 4556; baseline 0.006 -20"><span class='ocrx_word' id='word_1_305' title='bbox 446 4458 584 4537; x_wconf 53' lang='lat' dir='ltr'>dmiiitolill</span> <span class='ocrx_word' id='word_1_306' title='bbox 613 4482 804 4546; x_wconf 79' lang='lat' dir='ltr'>transmittat,</span> <span class='ocrx_word' id='word_1_307' title='bbox 838 4489 870 4535; x_wconf 88' lang='lat' dir='ltr'>nt</span> <span class='ocrx_word' id='word_1_308' title='bbox 900 4483 1096 4536; x_wconf 83' lang='lat' dir='ltr'>venerabilem</span> <span class='ocrx_word' id='word_1_309' title='bbox 1133 4482 1162 4536; x_wconf 91' lang='lat' dir='ltr'>iu</span> <span class='ocrx_word' id='word_1_310' title='bbox 1202 4483 1320 4539; x_wconf 80' lang='lat' dir='ltr'>Christo</span> <span class='ocrx_word' id='word_1_311' title='bbox 1350 4492 1464 4556; x_wconf 86' lang='lat' dir='ltr'>patrem</span> <span class='ocrx_word' id='word_1_312' title='bbox 1495 4487 1667 4544; x_wconf 88' lang='lat' dir='ltr'>Hubertnm</span> 
     </span>
     <span class='ocr_line' id='line_1_38' title="bbox 446 4547 1668 4641; baseline 0.007 -21"><span class='ocrx_word' id='word_1_313' title='bbox 446 4547 562 4590; x_wconf 44' lang='grc' dir='ltr'>ΝΜ·</span> <span class='ocrx_word' id='word_1_314' title='bbox 615 4567 855 4621; x_wconf 73' lang='lat' dir='ltr'>cantuariensem</span> <span class='ocrx_word' id='word_1_315' title='bbox 885 4567 1135 4638; x_wconf 81' lang='lat' dir='ltr'>arehiepiscopum</span> <span class='ocrx_word' id='word_1_316' title='bbox 1160 4586 1219 4621; x_wconf 90' lang='lat' dir='ltr'>non</span> <span class='ocrx_word' id='word_1_317' title='bbox 1248 4570 1423 4639; x_wconf 86' lang='lat' dir='ltr'>permittatis</span> <span class='ocrx_word' id='word_1_318' title='bbox 1454 4571 1552 4641; x_wconf 84' lang='lat' dir='ltr'>aliquo</span> <span class='ocrx_word' id='word_1_319' title='bbox 1580 4575 1668 4628; x_wconf 90' lang='lat' dir='ltr'>modo</span> 
     </span>
     <span class='ocr_line' id='line_1_39' title="bbox 615 4651 1667 4726; baseline 0.008 -22"><span class='ocrx_word' id='word_1_320' title='bbox 615 4651 761 4720; x_wconf 87' lang='lat' dir='ltr'>impediri,</span> <span class='ocrx_word' id='word_1_321' title='bbox 777 4651 930 4720; x_wconf 78' lang='lat' dir='ltr'>qnorninua</span> <span class='ocrx_word' id='word_1_322' title='bbox 949 4651 1118 4705; x_wconf 85' lang='lat' dir='ltr'>mandatum</span> <span class='ocrx_word' id='word_1_323' title='bbox 1137 4652 1243 4706; x_wconf 76' lang='lat' dir='ltr'>cummi</span> <span class='ocrx_word' id='word_1_324' title='bbox 1263 4654 1408 4723; x_wconf 75' lang='lat' dir='ltr'>pontificis</span> <span class='ocrx_word' id='word_1_325' title='bbox 1422 4655 1448 4708; x_wconf 90' lang='lat' dir='ltr'>ei</span> <span class='ocrx_word' id='word_1_326' title='bbox 1467 4674 1520 4726; x_wconf 88' lang='lat' dir='ltr'>pro</span> <span class='ocrx_word' id='word_1_327' title='bbox 1539 4658 1667 4713; x_wconf 85' lang='lat' dir='ltr'>ccclesia</span> 
     </span>
     <span class='ocr_line' id='line_1_40' title="bbox 615 4736 1667 4811; baseline 0.008 -21"><span class='ocrx_word' id='word_1_328' title='bbox 615 4737 679 4807; x_wconf 79' lang='lat' dir='ltr'>ipsa</span> <span class='ocrx_word' id='word_1_329' title='bbox 703 4736 916 4798; x_wconf 82' lang='lat' dir='ltr'>transmissum,</span> <span class='ocrx_word' id='word_1_330' title='bbox 931 4736 1290 4805; x_wconf 78' lang='lat' dir='ltr'>eousequatrrreffeetuu13</span> <span class='ocrx_word' id='word_1_331' title='bbox 1312 4758 1363 4792; x_wconf 79' lang='lat' dir='ltr'>nes</span> <span class='ocrx_word' id='word_1_332' title='bbox 1385 4741 1483 4804; x_wconf 87' lang='lat' dir='ltr'>etiam,</span> <span class='ocrx_word' id='word_1_333' title='bbox 1505 4741 1555 4811; x_wconf 90' lang='lat' dir='ltr'>qui</span> <span class='ocrx_word' id='word_1_334' title='bbox 1575 4744 1667 4798; x_wconf 85' lang='lat' dir='ltr'>eecle-</span> 
     </span>
     <span class='ocr_line' id='line_1_41' title="bbox 615 4819 1668 4898; baseline 0.009 -24"><span class='ocrx_word' id='word_1_335' title='bbox 615 4821 688 4875; x_wconf 84' lang='lat' dir='ltr'>siam</span> <span class='ocrx_word' id='word_1_336' title='bbox 701 4819 831 4882; x_wconf 85' lang='lat' dir='ltr'>eandem,</span> <span class='ocrx_word' id='word_1_337' title='bbox 846 4827 984 4890; x_wconf 83' lang='lat' dir='ltr'>tanquam</span> <span class='ocrx_word' id='word_1_338' title='bbox 1002 4821 1223 4875; x_wconf 82' lang='lat' dir='ltr'>celeberrimam</span> <span class='ocrx_word' id='word_1_339' title='bbox 1242 4824 1356 4877; x_wconf 90' lang='lat' dir='ltr'>nomine</span> <span class='ocrx_word' id='word_1_340' title='bbox 1376 4832 1405 4879; x_wconf 86' lang='lat' dir='ltr'>et</span> <span class='ocrx_word' id='word_1_341' title='bbox 1423 4826 1570 4896; x_wconf 80' lang='lat' dir='ltr'>operibus,</span> <span class='ocrx_word' id='word_1_342' title='bbox 1592 4847 1668 4898; x_wconf 85' lang='lat' dir='ltr'>pura</span> 
     </span>
     <span class='ocr_line' id='line_1_42' title="bbox 616 4904 1666 4983; baseline 0.009 -25"><span class='ocrx_word' id='word_1_343' title='bbox 616 4904 768 4958; x_wconf 72' lang='lat' dir='ltr'>devotione</span> <span class='ocrx_word' id='word_1_344' title='bbox 788 4905 1001 4974; x_wconf 86' lang='lat' dir='ltr'>amplectimur,</span> <span class='ocrx_word' id='word_1_345' title='bbox 1022 4905 1233 4961; x_wconf 76' lang='lat' dir='ltr'>sublimitatem</span> <span class='ocrx_word' id='word_1_346' title='bbox 1252 4914 1379 4961; x_wconf 77' lang='lat' dir='ltr'>vestram</span> <span class='ocrx_word' id='word_1_347' title='bbox 1402 4910 1541 4964; x_wconf 83' lang='lat' dir='ltr'>attentius</span> <span class='ocrx_word' id='word_1_348' title='bbox 1562 4912 1666 4983; x_wconf 85' lang='lat' dir='ltr'>depre-</span> 
     </span>
     <span class='ocr_line' id='line_1_43' title="bbox 615 4988 1667 5064; baseline 0.009 -21"><span class='ocrx_word' id='word_1_349' title='bbox 615 5007 716 5044; x_wconf 90' lang='lat' dir='ltr'>camur</span> <span class='ocrx_word' id='word_1_350' title='bbox 735 4995 887 5058; x_wconf 86' lang='lat' dir='ltr'>quatenus,</span> <span class='ocrx_word' id='word_1_351' title='bbox 903 4988 989 5064; x_wconf 72' lang='lat' dir='ltr'>juxta</span> <span class='ocrx_word' id='word_1_352' title='bbox 1007 4989 1084 5058; x_wconf 89' lang='lat' dir='ltr'>qnod</span> <span class='ocrx_word' id='word_1_353' title='bbox 1103 5009 1234 5045; x_wconf 83' lang='lat' dir='ltr'>summus</span> <span class='ocrx_word' id='word_1_354' title='bbox 1252 4992 1380 5060; x_wconf 82' lang='lat' dir='ltr'>pont-ilex</span> <span class='ocrx_word' id='word_1_355' title='bbox 1399 4993 1506 5048; x_wconf 87' lang='lat' dir='ltr'>litteris</span> <span class='ocrx_word' id='word_1_356' title='bbox 1533 4996 1595 5050; x_wconf 80' lang='lat' dir='ltr'>auis</span> <span class='ocrx_word' id='word_1_357' title='bbox 1614 5016 1667 5053; x_wconf 84' lang='lat' dir='ltr'>vos</span> 
     </span>
     <span class='ocr_line' id='line_1_44' title="bbox 616 5072 1667 5148; baseline 0.01 -22"><span class='ocrx_word' id='word_1_358' title='bbox 616 5080 702 5141; x_wconf 78' lang='lat' dir='ltr'>rogat</span> <span class='ocrx_word' id='word_1_359' title='bbox 732 5078 762 5126; x_wconf 88' lang='lat' dir='ltr'>et</span> <span class='ocrx_word' id='word_1_360' title='bbox 800 5072 942 5137; x_wconf 87' lang='lat' dir='ltr'>admonet,</span> <span class='ocrx_word' id='word_1_361' title='bbox 982 5080 1174 5129; x_wconf 88' lang='lat' dir='ltr'>memoratum</span> <span class='ocrx_word' id='word_1_362' title='bbox 1212 5076 1462 5148; x_wconf 82' lang='lat' dir='ltr'>arehiepiscopum</span> <span class='ocrx_word' id='word_1_363' title='bbox 1498 5080 1667 5137; x_wconf 88' lang='lat' dir='ltr'>nullatenus</span> 
     </span>
    </p>
   </div>
   <div class='ocr_carea' id='block_1_5' title="bbox 616 5157 1667 5237">
    <p class='ocr_par' dir='ltr' id='par_1_6' title="bbox 616 5157 1667 5237">
     <span class='ocr_line' id='line_1_45' title="bbox 616 5157 1667 5237; baseline 0.012 -27"><span class='ocrx_word' id='word_1_364' title='bbox 616 5157 793 5228; x_wconf 86' lang='lat' dir='ltr'>permittatis</span> <span class='ocrx_word' id='word_1_365' title='bbox 806 5158 842 5212; x_wconf 90' lang='lat' dir='ltr'>ab</span> <span class='ocrx_word' id='word_1_366' title='bbox 855 5158 953 5229; x_wconf 88' lang='lat' dir='ltr'>aliquo</span> <span class='ocrx_word' id='word_1_367' title='bbox 966 5158 1111 5230; x_wconf 86' lang='lat' dir='ltr'>impediri,</span> <span class='ocrx_word' id='word_1_368' title='bbox 1122 5160 1277 5232; x_wconf 85' lang='lat' dir='ltr'>quominus</span> <span class='ocrx_word' id='word_1_369' title='bbox 1290 5163 1460 5218; x_wconf 88' lang='lat' dir='ltr'>mandatum</span> <span class='ocrx_word' id='word_1_370' title='bbox 1473 5166 1667 5237; x_wconf 84' lang='lat' dir='ltr'>apostolieum</span> 
     </span>
    </p>
   </div>
   <div class='ocr_carea' id='block_1_6' title="bbox 0 0 2109 6388">
    <p class='ocr_par' dir='ltr' id='par_1_7' title="bbox 0 0 2109 6388">
     <span class='ocr_line' id='line_1_46' title="bbox 0 0 2109 6388; baseline 0 0"><span class='ocrx_word' id='word_1_371' title='bbox 0 0 2109 6388; x_wconf 95' lang='lat' dir='ltr'> </span> 
     </span>
    </p>
   </div>
  </div>
 </body>
</html>
