4192 6392
623 1157 686 1228 170
819 1152 828 1176 ⁹
904 1173 1076 1224 ursmare
1098 1172 1386 1239 esurunereusne,

469 1410 590 1506 offis·
676 1407 886 1464 CLXXXVII.
924 1407 1074 1463 (imarum
1093 1403 1615 1462 rursconvssruscnrresn1nrs1s.

452 1510 591 1621 dm,
656 1542 751 1615 Super
778 1543 889 1600 crebris
907 1551 938 1601 et
961 1542 1106 1601 continuis
1125 1542 1316 1616 petitionibus
1336 1538 1445 1598 nostris
1472 1546 1503 1598 et
1529 1539 1671 1613 querelis,

452 1627 593 1722 maisi?
618 1633 726 1693 vestre,
754 1637 839 1700 peter
857 1628 1027 1696 reverende,
1048 1627 1121 1686 setis
1146 1633 1246 1700 posset
1263 1626 1401 1683 admirari
1420 1625 1582 1691 clementie,
1611 1624 1674 1681 nisi

463 1691 583 1776 nitim-
618 1712 836 1784 oppressionem
853 1719 1032 1769 nostramet
1057 1711 1253 1786 oppressionis
1281 1729 1400 1768 eausam
1426 1711 1541 1783 plenius
1567 1708 1672 1766 adver·

451 1782 564 1874 ffigm
617 1803 695 1852 teret
712 1802 742 1852 et
758 1796 913 1870 diligentia
942 1798 1036 1870 patris
1054 1805 1085 1854 et
1103 1795 1268 1854 sollicitudo
1286 1795 1451 1869 pastoralis.
1490 1795 1573 1850 Licet
1589 1794 1672 1849 enim

452 1881 553 1974 &nbis
617 1881 770 1949 vellemus,
791 1882 869 1953 quod
886 1883 1053 1939 nullatenus
1073 1898 1238 1954 possumus,
1258 1881 1485 1937 innumerabiles
1504 1877 1671 1935 afflictionis

449 1943 519 2026 iffi
527 1944 541 1976 ⁰
616 1972 724 2021 noemae
748 1983 919 2022 enumerare
944 1966 1078 2039 injurias,
1104 1982 1289 2038 nequaquam
1312 1965 1424 2021 ordinis
1450 1971 1480 2020 ct
1505 1961 1670 2019 honestetis

449 2033 559 2082 mum
616 2056 723 2107 nostrae
741 2049 772 2106 id
790 2058 891 2123 posset
908 2051 1053 2107 sustinere
1070 2049 1257 2116 verecundia,
1270 2036 1326 2106 nee
1337 2046 1504 2122 epistolaris
1523 2047 1672 2103 sufficeret

616 2134 776 2207 adimplere
794 2134 946 2193 modestia.
985 2136 1053 2191 Jam
1072 2135 1150 2190 enirn
1168 2134 1248 2191 ultre
1265 2152 1421 2190 numerum
1445 2139 1477 2191 et
1501 2150 1671 2189 mensuram

615 2220 816 2276 calamitatem
839 2226 1006 2276 nostrerum
1029 2221 1165 2277 cumulus
1184 2220 1322 2286 excrevit,
1342 2219 1384 2275 ite
1408 2219 1485 2291 quod
1510 2218 1547 2274 ad
1569 2217 1672 2272 multi·

615 2305 748 2361 tudinem
766 2312 796 2361 et
814 2304 1017 2362 enormitatem
1029 2322 1152 2379 operum
1170 2305 1261 2361 verbe
1278 2323 1336 2360 non
1354 2304 1502 2360 sufficiunt
1514 2302 1671 2359 admitten-

616 2389 699 2446 tium.
736 2388 948 2447 Verumtamen
970 2389 1034 2447 hmo
1062 2390 1161 2445 omnia
1189 2389 1320 2462 petimur
1350 2390 1420 2460 quie
1449 2406 1502 2462 pro
1530 2386 1670 2442 libertate

615 2473 747 2530 eeclesia
778 2474 995 2530 centuariensis
1026 2480 1057 2530 et
1085 2492 1139 2546 pro
1167 2474 1365 2530 conservanda
1394 2473 1472 2530 sedis
1503 2471 1670 2543 apostolicae

615 2558 789 2625 reverentie,
810 2559 874 2616 ausi
892 2579 994 2617 snmus
1017 2558 1084 2616 eliis
1108 2560 1273 2616 tacentibus
1291 2578 1324 2615 os
1342 2565 1476 2616 nostrum
1494 2555 1618 2629 aperire,
1638 2562 1672 2611 ct

615 2643 751 2700 invocare
768 2662 875 2700 nornen
892 2651 1023 2701 vestrum
1045 2662 1135 2718 super
1152 2663 1215 2711 nos,
1236 2649 1388 2717 sperantes
1406 2642 1485 2715 quod
1501 2640 1669 2698 universale

615 2728 788 2784 afflictorum
817 2726 901 2784 nobis
932 2729 1027 2785 solum
1057 2747 1116 2785 non
1144 2729 1261 2785 deesset
1286 2727 1469 2800 suffragium,
1499 2743 1553 2781 nec
1583 2742 1670 2781 suem

614 2813 646 2868 in
675 2813 759 2869 nobis
790 2813 874 2869 sedes
904 2813 957 2868 ille
986 2819 1138 2885 peteretur
1168 2813 1302 2887 deperire
1329 2812 1487 2884 justitiam,
1517 2828 1582 2882 quse
1609 2827 1670 2865 nou

615 2897 710 2952 solum
728 2897 876 2969 propriam
895 2897 946 2953 sed
965 2899 1054 2953 etiem
1078 2896 1204 2954 alienam
1225 2898 1321 2954 acrius
1342 2896 1494 2953 consuevit
1518 2893 1671 2951 vindicare

446 2976 603 3073 ilnlffiwssv
615 2980 764 3124 imperpetrp.
791 2981 942 3123 gttetpldet,
956 2982 1102 3122 siplaeeti
1116 2981 1288 3124 sauctiftlatis¹⁵
1297 2988 1404 3122 vesper
1416 2980 1563 3045 discretio,
1578 2997 1671 3122 qpaetpr

446 3082 565 3126 attactos
615 3086 650 3123 su
670 3075 718 3123 t11
748 3086 764 3122 r
816 3086 853 3123 an
903 3085 1010 3123 rrensrs
1040 3085 1090 3124 ecc
1103 3086 1171 3124 esrae
1230 3069 1273 3123 eri
1315 3085 1350 3124 su
1370 3067 1467 3123 versio
1493 3083 1561 3121 exeo
1585 3065 1591 3076 '

447 3131 594 3237 dimi?
615 3171 703 3225 quem
728 3151 833 3209 callide
860 3152 1034 3219 montineto,
1064 3171 1153 3225 quem
1180 3171 1300 3225 operose
1331 3151 1524 3216 dissimulate,
1553 3082 1595 3206 eil
1613 3107 1671 3205 suli

447 3233 533 3328 252?ss
614 3243 757 3309 pretextu
776 3237 893 3309 pietatis
906 3237 1135 3294 tandemeorem
1146 3235 1395 3311 populopallieta.
1429 3235 1628 3301 Considerate,
1643 3235 1670 3290 si

446 3294 462 3336 p
494 3297 516 3337 γ’
613 3322 718 3395 pleoet,
740 3322 818 3393 quie,
840 3322 955 3394 quoties
974 3321 1012 3376 ad
1030 3321 1221 3394 apostolieum
1239 3321 1452 3394 appellavimus
1471 3320 1668 3386 clementium,

615 3414 649 3462 ut
673 3407 853 3478 expellamur
880 3407 916 3463 ab
941 3406 1117 3463 adversariis
1142 3407 1260 3472 nostris,
1287 3406 1383 3463 acrius
1407 3407 1615 3478 impugnamur
1640 3412 1673 3461 et

613 3489 804 3562 impellimur,
827 3497 858 3546 et
883 3490 1069 3563 gravioribus
1100 3490 1136 3546 de
1167 3492 1214 3546 die
1245 3490 1276 3545 in
1306 3491 1384 3546 diem
1411 3490 1510 3545 afflicti
1539 3488 1669 3561 injuriis,

446 3567 576 3664 swrbi?
614 3593 681 3630 eum
699 3576 781 3631 luctu
799 3583 829 3629 ot
847 3574 986 3647 lacrymis
1012 3576 1049 3630 ad
1074 3582 1204 3631 extreme
1227 3575 1410 3631 deducimur.
1449 3574 1569 3643 Quando
1589 3575 1670 3629 enim

447 3633 576 3732 doniisirui
613 3658 668 3714 hoc
685 3661 768 3715 vobis
787 3659 960 3730 scripsimus
978 3661 1136 3731 plusquam
1156 3661 1351 3732 quadraginta
1371 3660 1434 3731 jam
1462 3660 1524 3715 dies
1551 3659 1669 3714 effluxe-

445 3723 595 3817 fflffid
612 3749 687 3808 rant,
715 3744 820 3815 quibus
845 3745 980 3799 contiuuo
1003 3745 1083 3800 intra
1108 3745 1263 3800 ecclesiam
1290 3752 1320 3801 et
1345 3745 1506 3801 claustrum
1534 3750 1669 3799 uestrum

444 3823 556 3919 33}an
613 3827 721 3883 arctius
741 3828 852 3883 obsessi
871 3847 1033 3899 pauperum
1051 3836 1082 3885 et
1093 3830 1321 3885 mendicantium
1341 3836 1499 3902 utrumque
1512 3830 1669 3885 sustentati

444 3887 519 3969 ulmei
612 3933 714 3970 sumus
733 3913 943 3987 eleemosynis3
965 3923 995 3971 et
1014 3915 1093 3988 quie,
1109 3917 1263 3976 Salomone
1275 3923 1412 3984 testante,
1433 3916 1520 3972 amici
1538 3915 1667 3971 divitum

612 3999 707 4064 multi,
737 4018 849 4072 pauper
874 4020 944 4056 vero
973 4000 1061 4056 etiam
1090 4001 1183 4056 amico
1203 4021 1256 4058 sue
1275 4004 1392 4058 odiosus
1411 4003 1477 4067 erit,
1504 4003 1535 4056 in
1561 4020 1667 4057 manus
1681 4012 1814 4056 Prot-‚nias

613 4085 737 4140 fortune>
750 4085 895 4156 gravioris
909 4085 1076 4150 incidimus,
1090 4086 1231 4143 divitibus
1250 4088 1320 4143 lecti
1332 4107 1433 4143 sumus
1447 4086 1667 4143 subsanuationi

612 4177 642 4224 et
666 4170 825 4241 despectui,
855 4171 1033 4242 pauperibus
1054 4189 1125 4226 vero
1145 4190 1205 4244 prm
1230 4173 1415 4245 longitudine
1439 4174 1553 4228 dierum
1577 4172 1666 4226 taedio

612 4255 755 4325 coepimns
773 4274 837 4312 esse
856 4262 886 4310 et
906 4256 996 4310 oneri.
1032 4255 1075 4310 Ut
1093 4275 1164 4328 ergo
1191 4257 1226 4312 de
1254 4265 1333 4313 stetu
1358 4264 1466 4322 nostre,
1495 4257 1532 4312 de
1558 4275 1617 4328 quo
1636 4257 1667 4311 in

611 4338 760 4411 integrum
790 4339 974 4395 reformando
1005 4338 1138 4396 dominus
1166 4341 1402 4414 archiepiscopus
1431 4341 1462 4396 in
1493 4340 1666 4397 obedientiae

611 4424 719 4480 virtute
763 4432 941 4498 praeceptum
978 4432 1130 4497 receperat
1160 4427 1271 4482 Urbani
1310 4435 1417 4484 sancte]
1456 4425 1667 4482 recordat-ionis

610 4510 835 4578 predecessoris
847 4510 949 4574 vestri,
962 4509 1080 4580 plenius
1098 4518 1228 4566 vestram
1247 4512 1442 4568 certificemus
1461 4506 1665 4577 clementiam

444 4601 517 4646 'rhoea
611 4595 752 4649 noveritis
783 4595 936 4650 canonicos
972 4594 1030 4649 loci
1064 4595 1144 4649 illius
1176 4597 1325 4652 maledieti
1356 4605 1386 4653 et
1422 4597 1535 4669 profani
1566 4615 1667 4651 omnes

444 4653 598 4748 {Yffiffive
611 4678 700 4733 eurise
731 4687 837 4734 nostru
864 4679 990 4734 officinas
1017 4698 1185 4751 occupasse,
1215 4688 1245 4735 et
1269 4688 1376 4753 preater
1402 4682 1465 4737 sola
1492 4699 1614 4752 corpore
1638 4688 1669 4736 et

444 4756 567 4850 ffidffi
611 4763 703 4817 nudos
723 4765 852 4818 ecclesie>
871 4764 997 4835 parietes
1016 4764 1090 4818 nihil
1110 4765 1191 4820 nobis
1216 4766 1248 4819 in
1275 4768 1383 4822 munde
1402 4767 1567 4837 reliquisse.
1609 4766 1668 4822 Sed

442 4858 522 4901 eluces.
611 4847 665 4903 hoc
683 4849 758 4919 patri
779 4856 808 4903 et
826 4849 936 4919 pastori
955 4857 1054 4903 nostro
1079 4850 1195 4905 ‹lernine
1216 4851 1421 4907 Centauricusi
1447 4852 1669 4923 archiepiscopo

610 4951 792 5003 nequaquam
820 4933 914 4986 adhuc
942 4934 1058 4987 videtur
1085 4935 1226 4999 sufficere,
1265 4936 1317 4990 sed
1347 4956 1445 4991 cerum
1484 4937 1668 5007 principibus

610 5026 641 5070 et
670 5018 776 5087 populo
806 5024 892 5071 terrm
924 5018 952 5070 iu
983 5019 1114 5072 conciliis
1144 5020 1205 5074 suis
1234 5021 1378 5092 superbiae
1407 5030 1437 5076 et
1465 5022 1583 5092 insuper
1614 5039 1667 5075 nos

611 5101 808 5172 u1·g11it‚quiu
833 5101 1018 5169 dolusque
1047 5103 1123 5157 inter
1150 5124 1202 5159 nos
1231 5112 1261 5159 et
1279 5105 1375 5176 ipsum
1395 5113 1561 5170 vertuntur,
1584 5105 1667 5177 regis

610 5192 640 5240 et
669 5186 754 5256 regni
784 5186 976 5242 formidamus·
1007 5187 1107 5242 subire
1134 5188 1292 5259 judicium,
1324 5198 1355 5248 et
1391 5190 1422 5247 in
1452 5208 1564 5257 corum,
1596 5191 1668 5260 quie
