4192 6392
873 1282 1059 1332 aprunum.
1424 1266 1488 1335 547

522 1526 643 1582 DLXV.
680 1527 726 1582 Da
743 1542 888 1582 arcannm
907 1543 1051 1583 cuvusniu
1070 1542 1157 1582 cium
1176 1542 1207 1581 ur
1225 1527 1397 1581 Linusrni.
1520 1527 1643 1573 all-11⁹0.

761 1668 831 1731 (MS.
844 1667 944 1719 Cotton.
957 1668 1032 1719 Dom.
1044 1667 1079 1719 A„
1090 1684 1116 1717 x.
1130 1669 1166 1732 9.)

475 1779 630 1837 Universia
661 1787 768 1837 sanctae
798 1783 901 1836 matris
933 1782 1065 1837 ecolesiae
1093 1782 1162 1836 filiis
1189 1781 1226 1836 ad
1256 1799 1329 1850 quos
1359 1797 1487 1851 praesens
1500 1786 1621 1848 Theamh

444 1864 587 1935 scriptum
616 1867 792 1936 pervenerit,
821 1866 1017 1930 Baldewinus,
1045 1865 1103 1919 Dei
1133 1865 1239 1936 gratia,
1270 1837 1630 1930 cantuariensisffssfflm

442 1948 687 2020 archiepiscopus,
713 1950 804 2005 totius
834 1950 952 2020 Angliae
980 1950 1101 2021 primas,
1135 1955 1274 2004 veternam
1304 1948 1335 2001 in
1365 1948 1489 2002 Domino
1500 1938 1640 2031 {fflgdm

442 2032 576 2086 salutem.
613 2034 738 2088 Noverit
767 2034 944 2088 universitas
963 2041 1071 2097 vestra,
1093 2032 1170 2102 quod
1197 2031 1372 2088 venerabilis
1399 2032 1488 2086 frater
1501 2040 1609 2081 homthe

442 2121 541 2170 noster
576 2117 720 2173 Roffensis
757 2118 920 2189 episcopus,
956 2126 986 2171 et
1016 2116 1049 2171 0.
1082 2117 1172 2187 prior,
1205 2123 1292 2188 atque
1329 2122 1487 2171 conventus
1500 2088 1638 2182 gssgssflffid

441 2199 574 2268 ejusdem
597 2201 739 2265 ecclesias,
759 2202 797 2254 ad
822 2201 992 2254 instantiam
1017 2206 1047 2254 et
1072 2201 1241 2270 petitionem
1260 2201 1369 2255 domini
1395 2201 1488 2255 nostri
1500 2190 1649 2291 ξοοξιξξξῖξῗ

442 2282 570 2347 Rieardi,
596 2284 722 2339 illustris
746 2283 864 2354 Angliae
893 2284 984 2354 regis,
1014 2290 1044 2337 et
1073 2287 1202 2336 nostram
1233 2289 1321 2353 atque
1347 2284 1646 2384 ³Uffsag⁸f2¹ss⁰ssfflh

340 2389 345 2398 ¹
440 2383 561 2420 neorum
573 2374 749 2431 nostrorum,
764 2372 970 2421 concesserunt
987 2367 1072 2420 nobis
1091 2371 1120 2420 et
1139 2367 1356 2421 successoribus
1368 2369 1486 2430 uostris,
1500 2392 1650 2434 „ndum

440 2457 554 2520 partem
585 2451 673 2505 curiae
705 2469 765 2505 suae
796 2451 873 2520 apud
899 2450 1061 2504 Lamhetho
1092 2466 1180 2518 super
1206 2450 1375 2515 Tamisiam,
1402 2459 1490 2521 prout
1500 2441 1639 2534 ‘f’grdffi‘m

440 2535 528 2587 certis
547 2534 691 2588 limitibus
710 2534 848 2588 distincta
872 2539 926 2598 est,
947 2533 984 2587 ad
1003 2532 1206 2587 aedificandum
1224 2533 1308 2587 nobis
1327 2538 1357 2586 et
1375 2551 1488 2589 succes·
1500 2542 1640 2635 buhunffior

442 2618 557 2670 soribus
588 2617 705 2682 nostris,
732 2622 761 2671 et
791 2622 933 2687 praeterea
963 2623 1045 2671 extra
1077 2616 1190 2670 curiam
1219 2615 1335 2686 viginta
1365 2623 1490 2686 quatuor
1501 2592 1645 2687 gemm!

441 2718 524 2753 acras
544 2706 573 2753 ot
591 2718 676 2754 unam
696 2700 867 2770 perticatam
885 2707 972 2755 terrae
991 2700 1027 2754 de
1046 2701 1192 2755 dominico
1212 2718 1274 2763 sue,
1289 2706 1318 2754 et
1336 2702 1489 2756 servitium

442 2784 519 2852 quod
549 2784 713 2840 habuerunt
742 2785 778 2839 de
809 2786 848 2839 iv.
880 2785 956 2841 acris
981 2785 1101 2839 Hawise
1133 2801 1222 2854 super
1251 2784 1419 2850 Tamisiam,
1433 2821 1436 2826 -
1451 2787 1489 2840 ad

441 2868 641 2922 aedificandam
659 2868 812 2923 eeclesiam
836 2870 868 2924 iu
891 2870 1030 2923 honorem
1056 2868 1135 2922 beati
1154 2868 1292 2937 martyris
1311 2867 1438 2934 Thomas,
1459 2875 1502 2924 et·

441 2953 565 3006 aedificia
583 2955 786 3008 canonicorum
805 2953 915 3007 ibidem
934 2954 1148 3007 serviturorum
1168 2951 1335 3016 extruenda,
1351 2952 1442 3008 libere
1461 2960 1491 3009 et

442 3037 540 3107 quiete
560 3037 590 3090 in
616 3044 790 3108 perpetuum
808 3037 992 3108 possidenda.
1031 3036 1120 3091 Salvo
1147 3035 1297 3090 monachis
1325 3037 1397 3108 ipsis
1421 3039 1489 3109 jure

442 3121 603 3192 parochiali
631 3122 762 3176 ecclesia
790 3139 850 3176 sure
876 3121 912 3175 de
932 3121 1095 3175 Lamhethe
1120 3120 1152 3174 in
1170 3120 1335 3175 homiuibus
1354 3128 1384 3176 et
1401 3124 1489 3178 terris

442 3212 472 3259 et
489 3205 672 3275 parochianis
691 3207 762 3269 suis,
783 3205 904 3259 decimis
930 3222 1045 3275 quoque
1065 3211 1095 3258 et
1114 3203 1335 3259 obventionibus
1354 3207 1489 3262 omnibus

443 3295 524 3343 extra
541 3290 729 3360 praescriptos
742 3290 883 3343 terminos
902 3289 992 3342 curiae
1011 3295 1119 3342 nostrae
1133 3292 1163 3341 et
1181 3294 1267 3342 terrae
1285 3289 1490 3346 canonicorum

441 3379 618 3436 nostrorum,
639 3379 669 3426 et
693 3372 782 3427 salvis
802 3372 919 3425 fossatis
938 3370 1051 3425 curiam
1076 3376 1106 3424 et
1130 3369 1286 3439 gardinum
1304 3373 1491 3443 cingentibus

442 3458 479 3511 ad
515 3457 712 3528 recipiendam
756 3462 786 3510 et
820 3455 1032 3509 refundendam
1072 3471 1178 3523 aquam
1214 3453 1252 3507 ad
1292 3455 1491 3513 molendinum

442 3542 583 3612 ipsorum.
621 3541 661 3595 Et
677 3558 735 3594 uon
760 3539 862 3593 licebit
878 3539 963 3593 nobis
991 3541 1042 3592 aut
1067 3538 1286 3593 successoribus
1305 3541 1423 3605 nostris,
1442 3542 1491 3596 vel
1538 3595 1547 3613 ,

441 3626 530 3680 alicui
560 3625 596 3679 de
627 3625 740 3678 familia
769 3628 877 3685 nostra,
909 3628 960 3676 aut
996 3638 1199 3676 successorum
1235 3629 1411 3690 nostrorum,
1441 3627 1491 3681 vel

442 3709 531 3764 alicui
551 3708 698 3771 canonice,
720 3724 772 3761 seu
791 3706 879 3760 alicui
899 3705 935 3759 de
956 3704 1069 3759 familia
1087 3722 1197 3770 eorum,
1217 3723 1369 3778 usurpare,
1388 3708 1491 3764 velex

441 3793 604 3855 donatione,
632 3791 678 3845 vel
706 3791 862 3861 emptione,
891 3789 940 3842 vel
969 3789 1196 3860 permutatione,
1226 3790 1275 3844 vel
1303 3791 1411 3864 legato,
1442 3795 1490 3849 vel

441 3875 544 3938 locato,
572 3873 620 3929 vel
643 3874 801 3938 invadiata,
827 3872 877 3926 vel
900 3871 1092 3935 commodate,
1119 3872 1167 3926 vel
1194 3873 1293 3944 aliquo
1320 3876 1378 3931 alio
1404 3878 1490 3933 modo

438 3960 571 4028 recipere
589 3956 637 4011 vel
655 3964 754 4011 tenere
773 3956 886 4027 aliquid
904 3955 940 4010 de
958 3961 1038 4010 terra
1056 3956 1264 4026 praedictorum
1281 3962 1489 4017 monachorum

441 4042 595 4104 dominica,
615 4041 664 4094 vel
682 4041 807 4110 alicujus
834 4040 986 4093 hominum
1012 4057 1132 4094 suorum
1157 4045 1238 4095 extra
1255 4044 1396 4100 terminos
1413 4064 1488 4115 prae·

439 4128 510 4182 fixos
541 4127 616 4181 citra
643 4126 825 4181 voluntatem
855 4124 1000 4180 Roffensis
1037 4125 1177 4197 episcopi,
1210 4133 1240 4182 et
1269 4128 1401 4199 ejusdem
1431 4131 1488 4187 loci

440 4216 609 4267 conventus.
647 4209 684 4263 In
702 4209 884 4264 excambium
904 4217 1001 4264 autem
1021 4210 1110 4280 hujus
1130 4211 1334 4276 concessionis,
1355 4213 1489 4271 dedimus
1499 4223 1652 4278 Inexchmga

439 4298 482 4351 eis
513 4303 543 4350 et
573 4295 770 4350 concessimus
795 4295 833 4348 ad
863 4294 1042 4349 dominicum
1069 4295 1205 4366 praedicti
1228 4297 1353 4350 manerii
1378 4298 1425 4351 sui
1452 4298 1488 4352 de
1498 4274 1656 4376 ffiffl'm

439 4381 610 4444 Lamhethe‚
636 4379 799 4434 bercariam
825 4396 913 4432 unam
938 4379 970 4433 in
996 4379 1094 4434 insula
1119 4378 1154 4432 de
1183 4379 1271 4442 Gren‚
1292 4384 1322 4433 et
1347 4381 1488 4451 quioquid
1499 4375 1626 4469 ffitssss‘g?

438 4483 491 4519 nos
510 4465 557 4519 vel
576 4465 805 4534 praedecessores
831 4464 925 4518 nostri
943 4464 975 4517 in
994 4464 1096 4517 eadem
1122 4461 1255 4517 bercaria
1272 4461 1437 4527 habuimus,
1457 4464 1577 4520 ineam

438 4549 574 4612 marisca,
595 4549 626 4601 in
643 4549 741 4611 terris,
762 4553 792 4602 et
809 4566 895 4613 arec,
916 4553 947 4602 et
973 4548 1005 4600 in
1030 4545 1166 4600 omnihus
1193 4545 1259 4600 aliis
1278 4545 1316 4600 ad
1340 4562 1405 4600 eam
1423 4565 1489 4618 per·

439 4632 609 4696 tinentibus,
624 4650 711 4702 quam
730 4631 844 4687 scilicet
862 4631 1010 4686 Johannes
1029 4629 1107 4683 filius
1126 4629 1241 4699 Eilgari
1259 4635 1329 4684 tunc
1347 4633 1487 4702 temporis

438 4716 543 4779 tenuit,
577 4716 730 4785 sexaginta
759 4714 867 4768 solidos
898 4713 966 4767 inde
997 4712 1150 4766 annuatim
1180 4711 1338 4778 reddendo,
1371 4719 1401 4769 et
1429 4715 1488 4771 alia

440 4799 574 4871 quaedam
612 4799 734 4852 servitia
762 4797 904 4862 faciendo,
943 4797 1067 4850 liberam
1104 4801 1134 4850 et
1171 4796 1300 4866 quietam
1337 4796 1373 4851 ab
1409 4801 1488 4855 omni

440 4881 561 4938 servitio
591 4887 621 4934 et
651 4881 809 4943 exactione,
836 4885 897 4934 tam
923 4897 996 4950 erga
1020 4895 1073 4933 nos
1104 4884 1135 4933 et
1162 4896 1345 4935 successores
1371 4888 1487 4939 nostros

440 4984 529 5037 quam
564 4981 636 5034 erga
669 4963 830 5017 servientes
859 4970 975 5017 nostros
1010 4968 1041 5016 et
1075 4979 1278 5017 successorum
1310 4970 1486 5032 nostrorum,

440 5051 664 5119 inperpetuum
682 5045 896 5117 possidendam,
917 5047 994 5102 sicut
1022 5046 1081 5116 ipsi
1107 5045 1191 5101 nohis
1218 5051 1249 5102 et
1271 5049 1488 5106 successorihus
1570 5056 1575 5066 '

440 5135 549 5189 nostris
562 5131 764 5205 praescriptam
782 5136 891 5185 terram
910 5130 987 5203 apud
999 5130 1161 5186 Lamhethe
1178 5130 1271 5186 libere
1283 5133 1489 5203 possidendam

439 5223 655 5275 concesserunt.
694 5215 730 5270 In
754 5221 945 5286 augmentum
963 5214 1081 5285 duoque
1105 5216 1194 5287 hujus
1213 5218 1356 5273 excambii
1374 5237 1491 5277 conces·

1232 5329 1259 5376 n
1282 5331 1309 5377 u
1334 5318 1353 5379 2
