<?xml version="1.0" encoding="UTF-8"?>
<!DOCTYPE html PUBLIC "-//W3C//DTD XHTML 1.0 Transitional//EN"
    "http://www.w3.org/TR/xhtml1/DTD/xhtml1-transitional.dtd">
<html xmlns="http://www.w3.org/1999/xhtml" xml:lang="en" lang="en">
 <head>
  <title>
</title>
<meta http-equiv="Content-Type" content="text/html;charset=utf-8" />
  <meta name='ocr-system' content='tesseract 3.04.00' />
  <meta name='ocr-capabilities' content='ocr_page ocr_carea ocr_par ocr_line ocrx_word'/>
</head>
<body>
  <div class='ocr_page' id='page_1' title='image "./epistolaecantua00stubgoog_0310.png"; bbox 0 0 4192 6392; ppageno 0'>
   <div class='ocr_carea' id='block_1_1' title="bbox 607 1177 1371 1244">
    <p class='ocr_par' dir='ltr' id='par_1_1' title="bbox 607 1177 1371 1244">
     <span class='ocr_line' id='line_1_1' title="bbox 607 1177 1371 1244; baseline -0.01 -4"><span class='ocrx_word' id='word_1_1' title='bbox 607 1177 671 1241; x_wconf 90' lang='lat'><strong>108</strong></span> <span class='ocrx_word' id='word_1_2' title='bbox 887 1184 1059 1235; x_wconf 73' lang='lat' dir='ltr'><strong>murena</strong></span> <span class='ocrx_word' id='word_1_3' title='bbox 1081 1181 1371 1244; x_wconf 71' lang='lat' dir='ltr'><strong>cumularausas,</strong></span> 
     </span>
    </p>
   </div>
   <div class='ocr_carea' id='block_1_2' title="bbox 437 1355 1665 4288">
    <p class='ocr_par' dir='ltr' id='par_1_2' title="bbox 454 1355 1659 1682">
     <span class='ocr_line' id='line_1_2' title="bbox 454 1355 1658 1431; baseline 0.001 -21"><span class='ocrx_word' id='word_1_4' title='bbox 454 1365 576 1414; x_wconf 64' lang='lat' dir='ltr'><strong>snitu.</strong></span> <span class='ocrx_word' id='word_1_5' title='bbox 606 1367 636 1416; x_wconf 89' lang='lat' dir='ltr'><strong>ot</strong></span> <span class='ocrx_word' id='word_1_6' title='bbox 661 1358 873 1431; x_wconf 81' lang='lat' dir='ltr'><strong>superbissimo</strong></span> <span class='ocrx_word' id='word_1_7' title='bbox 898 1365 1030 1414; x_wconf 83' lang='lat' dir='ltr'><strong>exactore</strong></span> <span class='ocrx_word' id='word_1_8' title='bbox 1059 1357 1095 1412; x_wconf 91' lang='lat' dir='ltr'><strong>do</strong></span> <span class='ocrx_word' id='word_1_9' title='bbox 1114 1355 1210 1412; x_wconf 86' lang='lat' dir='ltr'><strong>medio</strong></span> <span class='ocrx_word' id='word_1_10' title='bbox 1228 1356 1353 1421; x_wconf 88' lang='lat' dir='ltr'><strong>sublato,</strong></span> <span class='ocrx_word' id='word_1_11' title='bbox 1373 1355 1566 1412; x_wconf 87' lang='lat' dir='ltr'><strong>cancellarius</strong></span> <span class='ocrx_word' id='word_1_12' title='bbox 1584 1374 1658 1411; x_wconf 81' lang='lat' dir='ltr'><strong>una·</strong></span> 
     </span>
     <span class='ocr_line' id='line_1_3' title="bbox 459 1419 1655 1512; baseline -0.002 -14"><span class='ocrx_word' id='word_1_13' title='bbox 459 1419 568 1464; x_wconf 58' lang='lat' dir='ltr'><strong>⁰⁰⁶⁰bl&#39;·</strong></span> <span class='ocrx_word' id='word_1_14' title='bbox 606 1443 679 1499; x_wconf 89' lang='lat' dir='ltr'><strong>nimi</strong></span> <span class='ocrx_word' id='word_1_15' title='bbox 704 1445 830 1498; x_wconf 88' lang='lat' dir='ltr'><strong>fratrum</strong></span> <span class='ocrx_word' id='word_1_16' title='bbox 857 1459 1002 1498; x_wconf 88' lang='lat' dir='ltr'><strong>consensu</strong></span> <span class='ocrx_word' id='word_1_17' title='bbox 1028 1440 1060 1496; x_wconf 92' lang='lat' dir='ltr'><strong>in</strong></span> <span class='ocrx_word' id='word_1_18' title='bbox 1084 1458 1190 1512; x_wconf 87' lang='lat' dir='ltr'><strong>papam</strong></span> <span class='ocrx_word' id='word_1_19' title='bbox 1217 1440 1329 1496; x_wconf 86' lang='lat' dir='ltr'><strong>electus</strong></span> <span class='ocrx_word' id='word_1_20' title='bbox 1347 1447 1393 1496; x_wconf 87' lang='lat' dir='ltr'><strong>est</strong></span> <span class='ocrx_word' id='word_1_21' title='bbox 1410 1446 1441 1496; x_wconf 87' lang='lat' dir='ltr'><strong>et</strong></span> <span class='ocrx_word' id='word_1_22' title='bbox 1457 1445 1655 1497; x_wconf 86' lang='lat' dir='ltr'><strong>consecratus.</strong></span> 
     </span>
     <span class='ocr_line' id='line_1_4' title="bbox 464 1524 1658 1597; baseline -0.002 -15"><span class='ocrx_word' id='word_1_23' title='bbox 464 1529 569 1576; x_wconf 63' lang='lat' dir='ltr'><strong>suffiu-</strong></span> <span class='ocrx_word' id='word_1_24' title='bbox 606 1527 643 1581; x_wconf 94' lang='lat' dir='ltr'><strong>In</strong></span> <span class='ocrx_word' id='word_1_25' title='bbox 670 1545 728 1597; x_wconf 91' lang='lat' dir='ltr'><strong>quo</strong></span> <span class='ocrx_word' id='word_1_26' title='bbox 754 1526 838 1582; x_wconf 81' lang='lat' dir='ltr'><strong>vobis</strong></span> <span class='ocrx_word' id='word_1_27' title='bbox 866 1534 897 1581; x_wconf 91' lang='lat' dir='ltr'><strong>et</strong></span> <span class='ocrx_word' id='word_1_28' title='bbox 926 1525 1059 1582; x_wconf 70' lang='lat' dir='ltr'><strong>eeclesias</strong></span> <span class='ocrx_word' id='word_1_29' title='bbox 1084 1530 1192 1580; x_wconf 81' lang='lat' dir='ltr'><strong>vestrm</strong></span> <span class='ocrx_word' id='word_1_30' title='bbox 1222 1524 1453 1580; x_wconf 70' lang='lat' dir='ltr'><strong>misericorditer</strong></span> <span class='ocrx_word' id='word_1_31' title='bbox 1482 1543 1500 1580; x_wconf 92' lang='lat' dir='ltr'><strong>a</strong></span> <span class='ocrx_word' id='word_1_32' title='bbox 1529 1524 1658 1580; x_wconf 89' lang='lat' dir='ltr'><strong>Domino</strong></span> 
     </span>
     <span class='ocr_line' id='line_1_5' title="bbox 606 1609 1659 1682; baseline -0.003 -15"><span class='ocrx_word' id='word_1_33' title='bbox 606 1610 737 1667; x_wconf 88' lang='lat' dir='ltr'><strong>ereditur</strong></span> <span class='ocrx_word' id='word_1_34' title='bbox 766 1628 832 1666; x_wconf 87' lang='lat' dir='ltr'><strong>esse</strong></span> <span class='ocrx_word' id='word_1_35' title='bbox 866 1611 1028 1682; x_wconf 83' lang='lat' dir='ltr'><strong>provisum,</strong></span> <span class='ocrx_word' id='word_1_36' title='bbox 1062 1609 1132 1680; x_wconf 90' lang='lat' dir='ltr'><strong>quia</strong></span> <span class='ocrx_word' id='word_1_37' title='bbox 1160 1625 1316 1680; x_wconf 86' lang='lat' dir='ltr'><strong>personam</strong></span> <span class='ocrx_word' id='word_1_38' title='bbox 1345 1614 1473 1664; x_wconf 83' lang='lat' dir='ltr'><strong>vestram</strong></span> <span class='ocrx_word' id='word_1_39' title='bbox 1504 1609 1659 1680; x_wconf 87' lang='lat' dir='ltr'><strong>hueusque</strong></span> 
     </span>
    </p>

    <p class='ocr_par' dir='ltr' id='par_1_3' title="bbox 606 1692 1659 1758">
     <span class='ocr_line' id='line_1_6' title="bbox 606 1692 1659 1758; baseline -0.003 -7"><span class='ocrx_word' id='word_1_40' title='bbox 606 1696 719 1751; x_wconf 88' lang='lat' dir='ltr'><strong>sineere</strong></span> <span class='ocrx_word' id='word_1_41' title='bbox 746 1695 859 1758; x_wconf 84' lang='lat' dir='ltr'><strong>dilexit,</strong></span> <span class='ocrx_word' id='word_1_42' title='bbox 880 1701 911 1750; x_wconf 90' lang='lat' dir='ltr'><strong>ct</strong></span> <span class='ocrx_word' id='word_1_43' title='bbox 934 1693 1050 1749; x_wconf 88' lang='lat' dir='ltr'><strong>nunciis</strong></span> <span class='ocrx_word' id='word_1_44' title='bbox 1078 1692 1185 1749; x_wconf 81' lang='lat' dir='ltr'><strong>vestris</strong></span> <span class='ocrx_word' id='word_1_45' title='bbox 1212 1692 1244 1747; x_wconf 90' lang='lat' dir='ltr'><strong>in</strong></span> <span class='ocrx_word' id='word_1_46' title='bbox 1271 1693 1475 1749; x_wconf 86' lang='lat' dir='ltr'><strong>afflictionibus</strong></span> <span class='ocrx_word' id='word_1_47' title='bbox 1502 1694 1565 1750; x_wconf 90' lang='lat' dir='ltr'><strong>suis</strong></span> <span class='ocrx_word' id='word_1_48' title='bbox 1589 1712 1659 1749; x_wconf 89' lang='lat' dir='ltr'><strong>con·</strong></span> 
     </span>
    </p>

    <p class='ocr_par' dir='ltr' id='par_1_4' title="bbox 607 1776 1658 1850">
     <span class='ocr_line' id='line_1_7' title="bbox 607 1776 1658 1850; baseline 0.001 -17"><span class='ocrx_word' id='word_1_49' title='bbox 607 1779 708 1835; x_wconf 85' lang='lat' dir='ltr'><strong>silium</strong></span> <span class='ocrx_word' id='word_1_50' title='bbox 735 1779 814 1849; x_wconf 90' lang='lat' dir='ltr'><strong>quod</strong></span> <span class='ocrx_word' id='word_1_51' title='bbox 843 1785 914 1834; x_wconf 91' lang='lat' dir='ltr'><strong>tune</strong></span> <span class='ocrx_word' id='word_1_52' title='bbox 940 1783 1057 1850; x_wconf 88' lang='lat' dir='ltr'><strong>poterat</strong></span> <span class='ocrx_word' id='word_1_53' title='bbox 1085 1784 1115 1833; x_wconf 87' lang='lat' dir='ltr'><strong>et</strong></span> <span class='ocrx_word' id='word_1_54' title='bbox 1144 1776 1288 1832; x_wconf 80' lang='lat' dir='ltr'><strong>auxilium</strong></span> <span class='ocrx_word' id='word_1_55' title='bbox 1318 1784 1472 1848; x_wconf 88' lang='lat' dir='ltr'><strong>promptus</strong></span> <span class='ocrx_word' id='word_1_56' title='bbox 1501 1777 1658 1848; x_wconf 86' lang='lat' dir='ltr'><strong>impendit.</strong></span> 
     </span>
    </p>

    <p class='ocr_par' dir='ltr' id='par_1_5' title="bbox 437 1860 1661 2271">
     <span class='ocr_line' id='line_1_8' title="bbox 439 1860 1659 1932; baseline -0.003 -11"><span class='ocrx_word' id='word_1_57' title='bbox 439 1862 482 1921; x_wconf 61' lang='grc' dir='ltr'><strong>[θ’</strong></span> <span class='ocrx_word' id='word_1_58' title='bbox 547 1864 578 1907; x_wconf 72' lang='lat'><strong>¹⁰·</strong></span> <span class='ocrx_word' id='word_1_59' title='bbox 606 1862 669 1918; x_wconf 89' lang='lat' dir='ltr'><strong>Iste</strong></span> <span class='ocrx_word' id='word_1_60' title='bbox 687 1868 733 1918; x_wconf 90' lang='lat' dir='ltr'><strong>est</strong></span> <span class='ocrx_word' id='word_1_61' title='bbox 751 1862 802 1932; x_wconf 92' lang='lat' dir='ltr'><strong>qui</strong></span> <span class='ocrx_word' id='word_1_62' title='bbox 813 1861 936 1918; x_wconf 79' lang='lat' dir='ltr'><strong>nuncios</strong></span> <span class='ocrx_word' id='word_1_63' title='bbox 948 1868 1063 1917; x_wconf 84' lang='lat' dir='ltr'><strong>vestros</strong></span> <span class='ocrx_word' id='word_1_64' title='bbox 1076 1860 1246 1916; x_wconf 74' lang='lat' dir='ltr'><strong>dehortatus</strong></span> <span class='ocrx_word' id='word_1_65' title='bbox 1264 1866 1311 1916; x_wconf 88' lang='lat' dir='ltr'><strong>est</strong></span> <span class='ocrx_word' id='word_1_66' title='bbox 1322 1877 1358 1916; x_wconf 93' lang='lat' dir='ltr'><strong>ne</strong></span> <span class='ocrx_word' id='word_1_67' title='bbox 1371 1860 1489 1916; x_wconf 89' lang='lat' dir='ltr'><strong>Urbano</strong></span> <span class='ocrx_word' id='word_1_68' title='bbox 1502 1861 1659 1917; x_wconf 81' lang='lat' dir='ltr'><strong>servirent.</strong></span> 
     </span>
     <span class='ocr_line' id='line_1_9' title="bbox 437 1916 1660 2018; baseline -0.002 -14"><span class='ocrx_word' id='word_1_69' title='bbox 437 1916 573 2018; x_wconf 51' lang='lat' dir='ltr'><strong>llidmpgil&#39;</strong></span> <span class='ocrx_word' id='word_1_70' title='bbox 608 1948 627 1973; x_wconf 86' lang='lat'><strong>“</strong></span> <span class='ocrx_word' id='word_1_71' title='bbox 647 1944 837 2016; x_wconf 79' lang='lat' dir='ltr'><strong>Expectate,’&#39;</strong></span> <span class='ocrx_word' id='word_1_72' title='bbox 863 1945 1011 2016; x_wconf 86' lang='lat' dir='ltr'><strong>inquiens.</strong></span> <span class='ocrx_word' id='word_1_73' title='bbox 1039 1947 1232 2015; x_wconf 81' lang='lat' dir='ltr'><strong>“expectate,</strong></span> <span class='ocrx_word' id='word_1_74' title='bbox 1259 1961 1318 1999; x_wconf 90' lang='lat' dir='ltr'><strong>non</strong></span> <span class='ocrx_word' id='word_1_75' title='bbox 1344 1950 1391 2000; x_wconf 88' lang='lat' dir='ltr'><strong>est</strong></span> <span class='ocrx_word' id='word_1_76' title='bbox 1417 1962 1542 2016; x_wconf 84' lang='lat' dir='ltr'><strong>regnum</strong></span> <span class='ocrx_word' id='word_1_77' title='bbox 1568 1944 1660 2015; x_wconf 88' lang='lat' dir='ltr'><strong>hujus</strong></span> 
     </span>
     <span class='ocr_line' id='line_1_10' title="bbox 439 2013 1660 2101; baseline -0.001 -15"><span class='ocrx_word' id='word_1_78' title='bbox 439 2013 517 2058; x_wconf 56' lang='lat' dir='ltr'><strong>Mb·</strong></span> <span class='ocrx_word' id='word_1_79' title='bbox 608 2032 627 2058; x_wconf 93' lang='lat'>“</span> <span class='ocrx_word' id='word_1_80' title='bbox 647 2030 791 2094; x_wconf 76' lang='lat' dir='ltr'><strong>durabile,</strong></span> <span class='ocrx_word' id='word_1_81' title='bbox 811 2036 841 2085; x_wconf 87' lang='lat' dir='ltr'><strong>et</strong></span> <span class='ocrx_word' id='word_1_82' title='bbox 859 2029 1053 2101; x_wconf 90' lang='lat' dir='ltr'><strong>quodcunque</strong></span> <span class='ocrx_word' id='word_1_83' title='bbox 1072 2029 1217 2093; x_wconf 87' lang='lat' dir='ltr'><strong>statuerit,</strong></span> <span class='ocrx_word' id='word_1_84' title='bbox 1237 2046 1391 2084; x_wconf 79' lang='lat' dir='ltr'><strong>successor</strong></span> <span class='ocrx_word' id='word_1_85' title='bbox 1408 2028 1473 2099; x_wconf 88' lang='lat' dir='ltr'><strong>ejus</strong></span> <span class='ocrx_word' id='word_1_86' title='bbox 1491 2029 1523 2084; x_wconf 91' lang='lat' dir='ltr'><strong>in</strong></span> <span class='ocrx_word' id='word_1_87' title='bbox 1540 2029 1660 2085; x_wconf 87' lang='lat' dir='ltr'><strong>irritum</strong></span> 
     </span>
     <span class='ocr_line' id='line_1_11' title="bbox 608 2112 1660 2184; baseline 0.001 -16"><span class='ocrx_word' id='word_1_88' title='bbox 608 2116 628 2142; x_wconf 87' lang='lat'><strong>“</strong></span> <span class='ocrx_word' id='word_1_89' title='bbox 647 2113 828 2170; x_wconf 87' lang='lat' dir='ltr'><strong>revocabit.”</strong></span> <span class='ocrx_word' id='word_1_90' title='bbox 864 2114 951 2170; x_wconf 91' lang='lat' dir='ltr'><strong>Hanc</strong></span> <span class='ocrx_word' id='word_1_91' title='bbox 976 2120 1076 2169; x_wconf 88' lang='lat' dir='ltr'><strong>autem</strong></span> <span class='ocrx_word' id='word_1_92' title='bbox 1103 2112 1231 2184; x_wconf 82' lang='lat' dir='ltr'><strong>gratiam</strong></span> <span class='ocrx_word' id='word_1_93' title='bbox 1256 2130 1346 2184; x_wconf 89' lang='lat' dir='ltr'><strong>quam</strong></span> <span class='ocrx_word' id='word_1_94' title='bbox 1375 2112 1460 2168; x_wconf 90' lang='lat' dir='ltr'><strong>nobis</strong></span> <span class='ocrx_word' id='word_1_95' title='bbox 1489 2119 1521 2168; x_wconf 92' lang='lat' dir='ltr'><strong>et</strong></span> <span class='ocrx_word' id='word_1_96' title='bbox 1548 2114 1660 2170; x_wconf 84' lang='lat' dir='ltr'><strong>nostris</strong></span> 
     </span>
     <span class='ocr_line' id='line_1_12' title="bbox 606 2196 1661 2271; baseline -0.001 -17"><span class='ocrx_word' id='word_1_97' title='bbox 606 2199 750 2264; x_wconf 84' lang='lat' dir='ltr'><strong>exhibuit,</strong></span> <span class='ocrx_word' id='word_1_98' title='bbox 770 2216 928 2271; x_wconf 89' lang='lat' dir='ltr'><strong>proposse</strong></span> <span class='ocrx_word' id='word_1_99' title='bbox 952 2204 1053 2254; x_wconf 89' lang='lat' dir='ltr'><strong>nostro</strong></span> <span class='ocrx_word' id='word_1_100' title='bbox 1071 2197 1240 2252; x_wconf 88' lang='lat' dir='ltr'><strong>continuare</strong></span> <span class='ocrx_word' id='word_1_101' title='bbox 1252 2196 1430 2262; x_wconf 89' lang='lat' dir='ltr'><strong>curabimus,</strong></span> <span class='ocrx_word' id='word_1_102' title='bbox 1450 2202 1482 2253; x_wconf 91' lang='lat' dir='ltr'><strong>et</strong></span> <span class='ocrx_word' id='word_1_103' title='bbox 1497 2215 1550 2253; x_wconf 81' lang='lat' dir='ltr'><strong>vos</strong></span> <span class='ocrx_word' id='word_1_104' title='bbox 1569 2215 1661 2268; x_wconf 90' lang='lat' dir='ltr'><strong>quan-</strong></span> 
     </span>
    </p>

    <p class='ocr_par' dir='ltr' id='par_1_6' title="bbox 607 2280 1661 2354">
     <span class='ocr_line' id='line_1_13' title="bbox 607 2280 1661 2354; baseline 0 -15"><span class='ocrx_word' id='word_1_105' title='bbox 607 2289 672 2339; x_wconf 80' lang='lat' dir='ltr'><strong>tum</strong></span> <span class='ocrx_word' id='word_1_106' title='bbox 707 2283 738 2337; x_wconf 92' lang='lat' dir='ltr'><strong>in</strong></span> <span class='ocrx_word' id='word_1_107' title='bbox 764 2283 849 2339; x_wconf 87' lang='lat' dir='ltr'><strong>vobis</strong></span> <span class='ocrx_word' id='word_1_108' title='bbox 875 2288 922 2339; x_wconf 91' lang='lat' dir='ltr'><strong>est</strong></span> <span class='ocrx_word' id='word_1_109' title='bbox 948 2282 1059 2354; x_wconf 81' lang='lat' dir='ltr'><strong>pariter</strong></span> <span class='ocrx_word' id='word_1_110' title='bbox 1085 2280 1271 2346; x_wconf 83' lang='lat' dir='ltr'><strong>continuetis,</strong></span> <span class='ocrx_word' id='word_1_111' title='bbox 1299 2281 1459 2352; x_wconf 83' lang='lat' dir='ltr'><strong>missisque</strong></span> <span class='ocrx_word' id='word_1_112' title='bbox 1487 2282 1661 2352; x_wconf 81' lang='lat' dir='ltr'><strong>quantocius</strong></span> 
     </span>
    </p>

    <p class='ocr_par' dir='ltr' id='par_1_7' title="bbox 606 2365 1661 2437">
     <span class='ocr_line' id='line_1_14' title="bbox 606 2365 1661 2437; baseline 0.001 -16"><span class='ocrx_word' id='word_1_113' title='bbox 606 2366 715 2423; x_wconf 87' lang='lat' dir='ltr'><strong>litteris</strong></span> <span class='ocrx_word' id='word_1_114' title='bbox 740 2367 859 2433; x_wconf 86' lang='lat' dir='ltr'><strong>vestris,</strong></span> <span class='ocrx_word' id='word_1_115' title='bbox 878 2373 939 2423; x_wconf 90' lang='lat' dir='ltr'><strong>tam</strong></span> <span class='ocrx_word' id='word_1_116' title='bbox 963 2384 1016 2422; x_wconf 81' lang='lat' dir='ltr'><strong>vos</strong></span> <span class='ocrx_word' id='word_1_117' title='bbox 1041 2383 1131 2436; x_wconf 88' lang='lat' dir='ltr'><strong>quam</strong></span> <span class='ocrx_word' id='word_1_118' title='bbox 1154 2365 1329 2437; x_wconf 88' lang='lat' dir='ltr'><strong>obsequium</strong></span> <span class='ocrx_word' id='word_1_119' title='bbox 1345 2371 1479 2420; x_wconf 80' lang='lat' dir='ltr'><strong>vestrum</strong></span> <span class='ocrx_word' id='word_1_120' title='bbox 1496 2365 1613 2437; x_wconf 89' lang='lat' dir='ltr'><strong>plenius</strong></span> <span class='ocrx_word' id='word_1_121' title='bbox 1632 2367 1661 2422; x_wconf 92' lang='lat' dir='ltr'><strong>ei</strong></span> 
     </span>
    </p>

    <p class='ocr_par' dir='ltr' id='par_1_8' title="bbox 438 2446 1664 3095">
     <span class='ocr_line' id='line_1_15' title="bbox 438 2446 1662 2539; baseline 0.006 -39"><span class='ocrx_word' id='word_1_122' title='bbox 438 2446 555 2539; x_wconf 48' lang='lat' dir='ltr'><strong>&#39;ipsulm</strong></span> <span class='ocrx_word' id='word_1_123' title='bbox 607 2451 747 2506; x_wconf 79' lang='lat' dir='ltr'><strong>offeratis.</strong></span> <span class='ocrx_word' id='word_1_124' title='bbox 786 2451 915 2507; x_wconf 74' lang='lat' dir='ltr'><strong>Litteras</strong></span> <span class='ocrx_word' id='word_1_125' title='bbox 940 2468 1058 2523; x_wconf 90' lang='lat' dir='ltr'><strong>quoque</strong></span> <span class='ocrx_word' id='word_1_126' title='bbox 1076 2457 1191 2506; x_wconf 87' lang='lat' dir='ltr'><strong>vestras</strong></span> <span class='ocrx_word' id='word_1_127' title='bbox 1209 2455 1240 2505; x_wconf 87' lang='lat' dir='ltr'><strong>et</strong></span> <span class='ocrx_word' id='word_1_128' title='bbox 1257 2449 1368 2505; x_wconf 91' lang='lat' dir='ltr'><strong>domini</strong></span> <span class='ocrx_word' id='word_1_129' title='bbox 1386 2450 1477 2522; x_wconf 82' lang='lat' dir='ltr'><strong>regis,</strong></span> <span class='ocrx_word' id='word_1_130' title='bbox 1498 2456 1528 2506; x_wconf 87' lang='lat' dir='ltr'><strong>et</strong></span> <span class='ocrx_word' id='word_1_131' title='bbox 1545 2450 1662 2507; x_wconf 84' lang='lat' dir='ltr'><strong>litteras</strong></span> 
     </span>
     <span class='ocr_line' id='line_1_16' title="bbox 440 2499 1662 2642; baseline 0.002 -52"><span class='ocrx_word' id='word_1_132' title='bbox 440 2499 557 2642; x_wconf 45' lang='lat' dir='ltr'><strong>biiudpilii</strong></span> <span class='ocrx_word' id='word_1_133' title='bbox 607 2534 644 2590; x_wconf 88' lang='lat' dir='ltr'><strong>de</strong></span> <span class='ocrx_word' id='word_1_134' title='bbox 662 2535 846 2591; x_wconf 74' lang='lat' dir='ltr'><strong>fraternitate</strong></span> <span class='ocrx_word' id='word_1_135' title='bbox 872 2552 962 2607; x_wconf 88' lang='lat' dir='ltr'><strong>quam</strong></span> <span class='ocrx_word' id='word_1_136' title='bbox 984 2534 1168 2599; x_wconf 89' lang='lat' dir='ltr'><strong>instituistis,</strong></span> <span class='ocrx_word' id='word_1_137' title='bbox 1188 2533 1225 2589; x_wconf 91' lang='lat' dir='ltr'><strong>de</strong></span> <span class='ocrx_word' id='word_1_138' title='bbox 1249 2533 1357 2604; x_wconf 90' lang='lat' dir='ltr'><strong>quibus</strong></span> <span class='ocrx_word' id='word_1_139' title='bbox 1381 2534 1413 2589; x_wconf 90' lang='lat' dir='ltr'><strong>in</strong></span> <span class='ocrx_word' id='word_1_140' title='bbox 1436 2534 1519 2590; x_wconf 88' lang='lat' dir='ltr'><strong>curia</strong></span> <span class='ocrx_word' id='word_1_141' title='bbox 1537 2536 1662 2606; x_wconf 74' lang='lat' dir='ltr'><strong>quaestio</strong></span> 
     </span>
     <span class='ocr_line' id='line_1_17' title="bbox 439 2599 1662 2695; baseline 0.002 -21"><span class='ocrx_word' id='word_1_142' title='bbox 439 2599 586 2695; x_wconf 52' lang='lat' dir='ltr'><strong>ffiffl&#39;</strong></span> <span class='ocrx_word' id='word_1_143' title='bbox 607 2621 686 2675; x_wconf 84' lang='lat' dir='ltr'><strong>facta</strong></span> <span class='ocrx_word' id='word_1_144' title='bbox 703 2626 759 2684; x_wconf 87' lang='lat' dir='ltr'><strong>est,</strong></span> <span class='ocrx_word' id='word_1_145' title='bbox 785 2618 871 2674; x_wconf 89' lang='lat' dir='ltr'><strong>nobis</strong></span> <span class='ocrx_word' id='word_1_146' title='bbox 894 2619 996 2674; x_wconf 86' lang='lat' dir='ltr'><strong>statim</strong></span> <span class='ocrx_word' id='word_1_147' title='bbox 1020 2619 1239 2683; x_wconf 87' lang='lat' dir='ltr'><strong>transmittatis,</strong></span> <span class='ocrx_word' id='word_1_148' title='bbox 1258 2636 1317 2674; x_wconf 89' lang='lat' dir='ltr'><strong>non</strong></span> <span class='ocrx_word' id='word_1_149' title='bbox 1341 2625 1527 2690; x_wconf 84' lang='lat' dir='ltr'><strong>expectantes</strong></span> <span class='ocrx_word' id='word_1_150' title='bbox 1545 2618 1662 2676; x_wconf 81' lang='lat' dir='ltr'><strong>litteras</strong></span> 
     </span>
     <span class='ocr_line' id='line_1_18' title="bbox 439 2701 1663 2795; baseline 0.005 -41"><span class='ocrx_word' id='word_1_151' title='bbox 439 2701 565 2795; x_wconf 58' lang='lat' dir='ltr'><strong>{⁰⁹²ng</strong></span> <span class='ocrx_word' id='word_1_152' title='bbox 607 2703 674 2759; x_wconf 90' lang='lat' dir='ltr'><strong>illas</strong></span> <span class='ocrx_word' id='word_1_153' title='bbox 700 2721 718 2758; x_wconf 90' lang='lat' dir='ltr'><strong>a</strong></span> <span class='ocrx_word' id='word_1_154' title='bbox 745 2703 938 2775; x_wconf 79' lang='lat' dir='ltr'><strong>suffraganeis</strong></span> <span class='ocrx_word' id='word_1_155' title='bbox 964 2703 1073 2759; x_wconf 79' lang='lat' dir='ltr'><strong>vestris</strong></span> <span class='ocrx_word' id='word_1_156' title='bbox 1100 2709 1132 2758; x_wconf 91' lang='lat' dir='ltr'><strong>et</strong></span> <span class='ocrx_word' id='word_1_157' title='bbox 1158 2702 1321 2767; x_wconf 85' lang='lat' dir='ltr'><strong>abbatibus,</strong></span> <span class='ocrx_word' id='word_1_158' title='bbox 1349 2721 1422 2773; x_wconf 89' lang='lat' dir='ltr'><strong>quas</strong></span> <span class='ocrx_word' id='word_1_159' title='bbox 1448 2709 1548 2759; x_wconf 90' lang='lat' dir='ltr'><strong>tamen</strong></span> <span class='ocrx_word' id='word_1_160' title='bbox 1572 2703 1663 2760; x_wconf 89' lang='lat' dir='ltr'><strong>nihil·</strong></span> 
     </span>
     <span class='ocr_line' id='line_1_19' title="bbox 438 2763 1663 2860; baseline 0.002 -19"><span class='ocrx_word' id='word_1_161' title='bbox 438 2763 589 2847; x_wconf 55' lang='lat' dir='ltr'><strong>tiliaciis</strong></span> <span class='ocrx_word' id='word_1_162' title='bbox 608 2786 732 2852; x_wconf 82' lang='lat' dir='ltr'><strong>ominus,</strong></span> <span class='ocrx_word' id='word_1_163' title='bbox 771 2805 860 2859; x_wconf 86' lang='lat' dir='ltr'><strong>quam</strong></span> <span class='ocrx_word' id='word_1_164' title='bbox 891 2786 979 2843; x_wconf 87' lang='lat' dir='ltr'><strong>eitius</strong></span> <span class='ocrx_word' id='word_1_165' title='bbox 1010 2787 1147 2859; x_wconf 86' lang='lat' dir='ltr'><strong>poteritis</strong></span> <span class='ocrx_word' id='word_1_166' title='bbox 1181 2787 1349 2843; x_wconf 86' lang='lat' dir='ltr'><strong>remittatis.</strong></span> <span class='ocrx_word' id='word_1_167' title='bbox 1405 2787 1550 2843; x_wconf 87' lang='lat' dir='ltr'><strong>Dominus</strong></span> <span class='ocrx_word' id='word_1_168' title='bbox 1584 2807 1663 2860; x_wconf 85' lang='lat' dir='ltr'><strong>papa</strong></span> 
     </span>
     <span class='ocr_line' id='line_1_20' title="bbox 439 2850 1664 2943; baseline 0.003 -17"><span class='ocrx_word' id='word_1_169' title='bbox 439 2850 548 2907; x_wconf 67' lang='lat' dir='ltr'><strong>Gregory.</strong></span> <span class='ocrx_word' id='word_1_170' title='bbox 609 2871 773 2943; x_wconf 80' lang='lat' dir='ltr'><strong>Gregorius</strong></span> <span class='ocrx_word' id='word_1_171' title='bbox 805 2872 971 2927; x_wconf 86' lang='lat' dir='ltr'><strong>nominatus</strong></span> <span class='ocrx_word' id='word_1_172' title='bbox 1002 2876 1058 2936; x_wconf 91' lang='lat' dir='ltr'><strong>est,</strong></span> <span class='ocrx_word' id='word_1_173' title='bbox 1084 2878 1116 2927; x_wconf 90' lang='lat' dir='ltr'><strong>et</strong></span> <span class='ocrx_word' id='word_1_174' title='bbox 1151 2869 1286 2926; x_wconf 90' lang='lat' dir='ltr'><strong>dominus</strong></span> <span class='ocrx_word' id='word_1_175' title='bbox 1321 2871 1499 2927; x_wconf 82' lang='lat' dir='ltr'><strong>Albanensis</strong></span> <span class='ocrx_word' id='word_1_176' title='bbox 1534 2871 1664 2943; x_wconf 81' lang='lat' dir='ltr'><strong>injunxit</strong></span> 
     </span>
     <span class='ocr_line' id='line_1_21' title="bbox 607 2954 1662 3095; baseline 0.002 -85"><span class='ocrx_word' id='word_1_177' title='bbox 607 2955 701 3094; x_wconf 44' lang='lat' dir='ltr'><strong>nopps,</strong></span> <span class='ocrx_word' id='word_1_178' title='bbox 721 2962 771 3094; x_wconf 52' lang='lat' dir='ltr'><strong>apd</strong></span> <span class='ocrx_word' id='word_1_179' title='bbox 779 2955 863 3093; x_wconf 52' lang='lat' dir='ltr'><strong>tiphis</strong></span> <span class='ocrx_word' id='word_1_180' title='bbox 890 2973 926 3010; x_wconf 83' lang='lat' dir='ltr'><strong>ex</strong></span> <span class='ocrx_word' id='word_1_181' title='bbox 946 2954 1385 3095; x_wconf 53' lang='lat' dir='ltr'><strong>pprtelejpptpiguiiletpremus,</strong></span> <span class='ocrx_word' id='word_1_182' title='bbox 1405 2955 1606 3095; x_wconf 49' lang='lat' dir='ltr'><strong>qppdteunplta</strong></span> <span class='ocrx_word' id='word_1_183' title='bbox 1623 2957 1662 3053; x_wconf 79' lang='lat' dir='ltr'><strong>de</strong></span> 
     </span>
    </p>

    <p class='ocr_par' dir='ltr' id='par_1_9' title="bbox 608 3055 1663 3095">
     <span class='ocr_line' id='line_1_22' title="bbox 608 3055 1663 3095; baseline -0.001 -1"><span class='ocrx_word' id='word_1_184' title='bbox 608 3057 650 3094; x_wconf 82' lang='lat' dir='ltr'><strong>cae</strong></span> <span class='ocrx_word' id='word_1_185' title='bbox 681 3058 715 3095; x_wconf 92' lang='lat' dir='ltr'><strong>ro</strong></span> <span class='ocrx_word' id='word_1_186' title='bbox 810 3056 964 3095; x_wconf 89' lang='lat' dir='ltr'><strong>onoreme</strong></span> <span class='ocrx_word' id='word_1_187' title='bbox 995 3056 1087 3094; x_wconf 80' lang='lat' dir='ltr'><strong>vorm</strong></span> <span class='ocrx_word' id='word_1_188' title='bbox 1148 3055 1178 3092; x_wconf 90' lang='lat' dir='ltr'><strong>m</strong></span> <span class='ocrx_word' id='word_1_189' title='bbox 1197 3056 1249 3094; x_wconf 91' lang='lat' dir='ltr'><strong>ves</strong></span> <span class='ocrx_word' id='word_1_190' title='bbox 1279 3057 1326 3093; x_wconf 88' lang='lat' dir='ltr'><strong>am</strong></span> <span class='ocrx_word' id='word_1_191' title='bbox 1365 3056 1398 3094; x_wconf 89' lang='lat' dir='ltr'><strong>ro</strong></span> <span class='ocrx_word' id='word_1_192' title='bbox 1471 3058 1512 3094; x_wconf 90' lang='lat' dir='ltr'><strong>n.</strong></span> <span class='ocrx_word' id='word_1_193' title='bbox 1650 3073 1663 3085; x_wconf 88' lang='lat'><strong>·</strong></span> 
     </span>
    </p>

    <p class='ocr_par' dir='ltr' id='par_1_10' title="bbox 607 3056 1662 3196">
     <span class='ocr_line' id='line_1_23' title="bbox 607 3056 1662 3196; baseline 0.002 -18"><span class='ocrx_word' id='word_1_194' title='bbox 607 3129 654 3178; x_wconf 90' lang='lat' dir='ltr'><strong>ter</strong></span> <span class='ocrx_word' id='word_1_195' title='bbox 671 3123 807 3196; x_wconf 84' lang='lat' dir='ltr'><strong>Moyses¹</strong></span> <span class='ocrx_word' id='word_1_196' title='bbox 826 3142 878 3178; x_wconf 84' lang='lat' dir='ltr'><strong>vos</strong></span> <span class='ocrx_word' id='word_1_197' title='bbox 897 3122 1054 3178; x_wconf 83' lang='lat' dir='ltr'><strong>affectuose</strong></span> <span class='ocrx_word' id='word_1_198' title='bbox 1067 3122 1183 3187; x_wconf 87' lang='lat' dir='ltr'><strong>salutat,</strong></span> <span class='ocrx_word' id='word_1_199' title='bbox 1199 3122 1251 3193; x_wconf 91' lang='lat' dir='ltr'><strong>qui</strong></span> <span class='ocrx_word' id='word_1_200' title='bbox 1262 3057 1365 3194; x_wconf 59' lang='lat' dir='ltr'><strong>ntiqui:</strong></span> <span class='ocrx_word' id='word_1_201' title='bbox 1376 3056 1516 3179; x_wconf 61' lang='lat' dir='ltr'><strong>hdboiem</strong></span> <span class='ocrx_word' id='word_1_202' title='bbox 1527 3058 1662 3180; x_wconf 58' lang='lat' dir='ltr'><strong>vesbrblrsn</strong></span> 
     </span>
    </p>

    <p class='ocr_par' dir='ltr' id='par_1_11' title="bbox 608 3207 1664 3280">
     <span class='ocr_line' id='line_1_24' title="bbox 608 3207 1664 3280; baseline 0.002 -18"><span class='ocrx_word' id='word_1_203' title='bbox 608 3207 719 3279; x_wconf 83' lang='lat' dir='ltr'><strong>diligit,</strong></span> <span class='ocrx_word' id='word_1_204' title='bbox 739 3214 770 3263; x_wconf 90' lang='lat' dir='ltr'><strong>et</strong></span> <span class='ocrx_word' id='word_1_205' title='bbox 796 3214 938 3280; x_wconf 87' lang='lat' dir='ltr'><strong>tanquam</strong></span> <span class='ocrx_word' id='word_1_206' title='bbox 964 3225 1040 3262; x_wconf 90' lang='lat' dir='ltr'><strong>unus</strong></span> <span class='ocrx_word' id='word_1_207' title='bbox 1059 3212 1202 3270; x_wconf 90' lang='lat' dir='ltr'><strong>nostrum,</strong></span> <span class='ocrx_word' id='word_1_208' title='bbox 1222 3207 1274 3261; x_wconf 93' lang='lat' dir='ltr'><strong>ubi</strong></span> <span class='ocrx_word' id='word_1_209' title='bbox 1292 3214 1490 3278; x_wconf 90' lang='lat' dir='ltr'><strong>opportunum</strong></span> <span class='ocrx_word' id='word_1_210' title='bbox 1508 3213 1562 3272; x_wconf 86' lang='lat' dir='ltr'><strong>est,</strong></span> <span class='ocrx_word' id='word_1_211' title='bbox 1583 3209 1664 3264; x_wconf 91' lang='lat' dir='ltr'><strong>circa</strong></span> 
     </span>
    </p>

    <p class='ocr_par' dir='ltr' id='par_1_12' title="bbox 607 3289 1663 3447">
     <span class='ocr_line' id='line_1_25' title="bbox 608 3289 1663 3363; baseline 0.003 -17"><span class='ocrx_word' id='word_1_212' title='bbox 608 3292 728 3363; x_wconf 83' lang='lat' dir='ltr'><strong>negotia</strong></span> <span class='ocrx_word' id='word_1_213' title='bbox 762 3298 863 3348; x_wconf 83' lang='lat' dir='ltr'><strong>vestra</strong></span> <span class='ocrx_word' id='word_1_214' title='bbox 893 3289 1053 3346; x_wconf 87' lang='lat' dir='ltr'><strong>sollicitum</strong></span> <span class='ocrx_word' id='word_1_215' title='bbox 1083 3307 1115 3346; x_wconf 90' lang='lat' dir='ltr'><strong>se</strong></span> <span class='ocrx_word' id='word_1_216' title='bbox 1149 3289 1268 3345; x_wconf 85' lang='lat' dir='ltr'><strong>exhibet</strong></span> <span class='ocrx_word' id='word_1_217' title='bbox 1296 3296 1328 3346; x_wconf 87' lang='lat' dir='ltr'><strong>et</strong></span> <span class='ocrx_word' id='word_1_218' title='bbox 1356 3290 1505 3347; x_wconf 84' lang='lat' dir='ltr'><strong>devotum.</strong></span> <span class='ocrx_word' id='word_1_219' title='bbox 1554 3291 1663 3350; x_wconf 85' lang='lat' dir='ltr'><strong>Adhuc</strong></span> 
     </span>
     <span class='ocr_line' id='line_1_26' title="bbox 607 3373 1662 3447; baseline 0 -17"><span class='ocrx_word' id='word_1_220' title='bbox 607 3376 749 3431; x_wconf 86' lang='lat' dir='ltr'><strong>noveritis</strong></span> <span class='ocrx_word' id='word_1_221' title='bbox 777 3375 856 3447; x_wconf 91' lang='lat' dir='ltr'><strong>quod</strong></span> <span class='ocrx_word' id='word_1_222' title='bbox 883 3392 951 3431; x_wconf 90' lang='lat' dir='ltr'><strong>cum</strong></span> <span class='ocrx_word' id='word_1_223' title='bbox 978 3373 1111 3430; x_wconf 88' lang='lat' dir='ltr'><strong>universi</strong></span> <span class='ocrx_word' id='word_1_224' title='bbox 1137 3373 1300 3429; x_wconf 89' lang='lat' dir='ltr'><strong>cardinales</strong></span> <span class='ocrx_word' id='word_1_225' title='bbox 1325 3381 1386 3430; x_wconf 86' lang='lat' dir='ltr'><strong>tres</strong></span> <span class='ocrx_word' id='word_1_226' title='bbox 1410 3389 1550 3447; x_wconf 84' lang='lat' dir='ltr'><strong>personas</strong></span> <span class='ocrx_word' id='word_1_227' title='bbox 1567 3377 1662 3431; x_wconf 88' lang='lat' dir='ltr'><strong>nomi-</strong></span> 
     </span>
    </p>

    <p class='ocr_par' dir='ltr' id='par_1_13' title="bbox 607 3457 1661 3527">
     <span class='ocr_line' id='line_1_27' title="bbox 607 3457 1661 3527; baseline 0.002 -14"><span class='ocrx_word' id='word_1_228' title='bbox 607 3466 734 3523; x_wconf 85' lang='lat' dir='ltr'><strong>nassent,</strong></span> <span class='ocrx_word' id='word_1_229' title='bbox 755 3459 1127 3522; x_wconf 82' lang='lat' dir='ltr'><strong>videlicetAlbauensem,¹</strong></span> <span class='ocrx_word' id='word_1_230' title='bbox 1139 3457 1376 3522; x_wconf 65' lang='lat' dir='ltr'><strong>Praenestinum,³</strong></span> <span class='ocrx_word' id='word_1_231' title='bbox 1394 3466 1425 3515; x_wconf 87' lang='lat' dir='ltr'><strong>et</strong></span> <span class='ocrx_word' id='word_1_232' title='bbox 1442 3460 1661 3527; x_wconf 87' lang='lat' dir='ltr'><strong>cancellarium,</strong></span> 
     </span>
    </p>

    <p class='ocr_par' dir='ltr' id='par_1_14' title="bbox 607 3542 1662 3616">
     <span class='ocr_line' id='line_1_28' title="bbox 607 3542 1662 3616; baseline 0.002 -19"><span class='ocrx_word' id='word_1_233' title='bbox 607 3549 637 3598; x_wconf 89' lang='lat' dir='ltr'><strong>et</strong></span> <span class='ocrx_word' id='word_1_234' title='bbox 656 3544 699 3598; x_wconf 91' lang='lat' dir='ltr'><strong>cis</strong></span> <span class='ocrx_word' id='word_1_235' title='bbox 719 3543 915 3612; x_wconf 87' lang='lat' dir='ltr'><strong>injunxissent</strong></span> <span class='ocrx_word' id='word_1_236' title='bbox 932 3550 967 3600; x_wconf 92' lang='lat' dir='ltr'><strong>ut</strong></span> <span class='ocrx_word' id='word_1_237' title='bbox 987 3542 1159 3598; x_wconf 83' lang='lat' dir='ltr'><strong>secederent</strong></span> <span class='ocrx_word' id='word_1_238' title='bbox 1177 3560 1331 3614; x_wconf 90' lang='lat' dir='ltr'><strong>quousque</strong></span> <span class='ocrx_word' id='word_1_239' title='bbox 1349 3542 1562 3599; x_wconf 87' lang='lat' dir='ltr'><strong>deliberassent</strong></span> <span class='ocrx_word' id='word_1_240' title='bbox 1573 3563 1662 3616; x_wconf 90' lang='lat' dir='ltr'><strong>quem</strong></span> 
     </span>
    </p>

    <p class='ocr_par' dir='ltr' id='par_1_15' title="bbox 438 3625 1663 4036">
     <span class='ocr_line' id='line_1_29' title="bbox 440 3625 1661 3701; baseline -0.001 -18"><span class='ocrx_word' id='word_1_241' title='bbox 440 3641 548 3701; x_wconf 57' lang='lat' dir='ltr'><strong>Boetho</strong></span> <span class='ocrx_word' id='word_1_242' title='bbox 607 3627 725 3681; x_wconf 90' lang='lat' dir='ltr'><strong>illorum</strong></span> <span class='ocrx_word' id='word_1_243' title='bbox 744 3628 917 3698; x_wconf 88' lang='lat' dir='ltr'><strong>reciperent,</strong></span> <span class='ocrx_word' id='word_1_244' title='bbox 936 3626 1071 3682; x_wconf 90' lang='lat' dir='ltr'><strong>dominus</strong></span> <span class='ocrx_word' id='word_1_245' title='bbox 1095 3625 1272 3681; x_wconf 83' lang='lat' dir='ltr'><strong>Albanensis</strong></span> <span class='ocrx_word' id='word_1_246' title='bbox 1291 3628 1481 3682; x_wconf 88' lang='lat' dir='ltr'><strong>incontinenti</strong></span> <span class='ocrx_word' id='word_1_247' title='bbox 1500 3629 1661 3699; x_wconf 88' lang='lat' dir='ltr'><strong>respondit,</strong></span> 
     </span>
     <span class='ocr_line' id='line_1_30' title="bbox 439 3690 1662 3792; baseline 0.003 -28"><span class='ocrx_word' id='word_1_248' title='bbox 439 3690 557 3792; x_wconf 49' lang='lat' dir='ltr'><strong>ffifflflf</strong></span> <span class='ocrx_word' id='word_1_249' title='bbox 609 3709 687 3764; x_wconf 89' lang='lat' dir='ltr'><strong>“Ad</strong></span> <span class='ocrx_word' id='word_1_250' title='bbox 711 3709 784 3781; x_wconf 89' lang='lat' dir='ltr'><strong>quid</strong></span> <span class='ocrx_word' id='word_1_251' title='bbox 806 3710 1034 3766; x_wconf 66' lang='lat' dir='ltr'><strong>secederemus?</strong></span> <span class='ocrx_word' id='word_1_252' title='bbox 1059 3711 1124 3781; x_wconf 84' lang='lat' dir='ltr'><strong>Ego</strong></span> <span class='ocrx_word' id='word_1_253' title='bbox 1148 3710 1179 3764; x_wconf 90' lang='lat' dir='ltr'><strong>in</strong></span> <span class='ocrx_word' id='word_1_254' title='bbox 1202 3710 1293 3765; x_wconf 86' lang='lat' dir='ltr'><strong>verbo</strong></span> <span class='ocrx_word' id='word_1_255' title='bbox 1317 3711 1452 3766; x_wconf 86' lang='lat' dir='ltr'><strong>veritatis</strong></span> <span class='ocrx_word' id='word_1_256' title='bbox 1479 3711 1553 3776; x_wconf 90' lang='lat' dir='ltr'><strong>dico,</strong></span> <span class='ocrx_word' id='word_1_257' title='bbox 1583 3713 1662 3783; x_wconf 91' lang='lat' dir='ltr'><strong>quod</strong></span> 
     </span>
     <span class='ocr_line' id='line_1_31' title="bbox 438 3792 1661 3886; baseline 0.003 -39"><span class='ocrx_word' id='word_1_258' title='bbox 438 3792 572 3886; x_wconf 45' lang='lat' dir='ltr'><strong>mm</strong></span> <span class='ocrx_word' id='word_1_259' title='bbox 609 3795 628 3820; x_wconf 77' lang='lat'><strong>‘⁴</strong></span> <span class='ocrx_word' id='word_1_260' title='bbox 648 3812 798 3865; x_wconf 89' lang='lat' dir='ltr'><strong>nunquam</strong></span> <span class='ocrx_word' id='word_1_261' title='bbox 817 3794 890 3851; x_wconf 90' lang='lat' dir='ltr'><strong>hanc</strong></span> <span class='ocrx_word' id='word_1_262' title='bbox 903 3795 1187 3850; x_wconf 86' lang='lat' dir='ltr'><strong>administrationem</strong></span> <span class='ocrx_word' id='word_1_263' title='bbox 1199 3794 1367 3866; x_wconf 90' lang='lat' dir='ltr'><strong>suscipiam.</strong></span> <span class='ocrx_word' id='word_1_264' title='bbox 1382 3793 1525 3850; x_wconf 88' lang='lat' dir='ltr'><strong>Dominus</strong></span> <span class='ocrx_word' id='word_1_265' title='bbox 1544 3814 1661 3866; x_wconf 85' lang='lat' dir='ltr'><strong>quoque</strong></span> 
     </span>
     <span class='ocr_line' id='line_1_32' title="bbox 439 3855 1662 3950; baseline -0.001 -14"><span class='ocrx_word' id='word_1_266' title='bbox 439 3855 544 3936; x_wconf 70' lang='lat' dir='ltr'><strong>ccciiii.</strong></span> <span class='ocrx_word' id='word_1_267' title='bbox 574 3855 595 3886; x_wconf 69' lang='lat'><strong>¹⁰</strong></span> <span class='ocrx_word' id='word_1_268' title='bbox 609 3881 628 3905; x_wconf 87' lang='lat'><strong>“</strong></span> <span class='ocrx_word' id='word_1_269' title='bbox 648 3878 847 3934; x_wconf 72' lang='lat' dir='ltr'><strong>Praenestinus</strong></span> <span class='ocrx_word' id='word_1_270' title='bbox 890 3879 1056 3934; x_wconf 85' lang='lat' dir='ltr'><strong>infirmatur</strong></span> <span class='ocrx_word' id='word_1_271' title='bbox 1093 3879 1269 3950; x_wconf 83' lang='lat' dir='ltr'><strong>gravissime</strong></span> <span class='ocrx_word' id='word_1_272' title='bbox 1305 3886 1335 3935; x_wconf 87' lang='lat' dir='ltr'><strong>ct</strong></span> <span class='ocrx_word' id='word_1_273' title='bbox 1365 3878 1402 3933; x_wconf 87' lang='lat' dir='ltr'><strong>ud</strong></span> <span class='ocrx_word' id='word_1_274' title='bbox 1437 3898 1510 3934; x_wconf 91' lang='lat' dir='ltr'><strong>onus</strong></span> <span class='ocrx_word' id='word_1_275' title='bbox 1546 3886 1662 3935; x_wconf 85' lang='lat' dir='ltr'><strong>tantum</strong></span> 
     </span>
     <span class='ocr_line' id='line_1_33' title="bbox 609 3963 1663 4036; baseline 0.003 -18"><span class='ocrx_word' id='word_1_276' title='bbox 609 3965 628 3989; x_wconf 81' lang='lat'><strong>‘¹</strong></span> <span class='ocrx_word' id='word_1_277' title='bbox 646 3964 824 4019; x_wconf 88' lang='lat' dir='ltr'><strong>insufficiens</strong></span> <span class='ocrx_word' id='word_1_278' title='bbox 837 3970 891 4019; x_wconf 90' lang='lat' dir='ltr'><strong>est.</strong></span> <span class='ocrx_word' id='word_1_279' title='bbox 900 3965 1060 4036; x_wconf 87' lang='lat' dir='ltr'><strong>Reliquum</strong></span> <span class='ocrx_word' id='word_1_280' title='bbox 1070 3981 1141 4034; x_wconf 83' lang='lat' dir='ltr'><strong>ergo</strong></span> <span class='ocrx_word' id='word_1_281' title='bbox 1154 3970 1200 4019; x_wconf 82' lang='lat' dir='ltr'><strong>est</strong></span> <span class='ocrx_word' id='word_1_282' title='bbox 1210 3971 1244 4019; x_wconf 89' lang='lat' dir='ltr'><strong>ut</strong></span> <span class='ocrx_word' id='word_1_283' title='bbox 1252 3963 1363 4019; x_wconf 90' lang='lat' dir='ltr'><strong>dictum</strong></span> <span class='ocrx_word' id='word_1_284' title='bbox 1371 3964 1578 4019; x_wconf 87' lang='lat' dir='ltr'><strong>cancellarium</strong></span> <span class='ocrx_word' id='word_1_285' title='bbox 1588 3966 1663 4021; x_wconf 90' lang='lat' dir='ltr'><strong>reci·</strong></span> 
     </span>
    </p>

    <p class='ocr_par' dir='ltr' id='par_1_16' title="bbox 609 4047 1661 4120">
     <span class='ocr_line' id='line_1_34' title="bbox 609 4047 1661 4120; baseline 0.005 -20"><span class='ocrx_word' id='word_1_286' title='bbox 609 4050 628 4075; x_wconf 76' lang='lat'><strong>‘⁶</strong></span> <span class='ocrx_word' id='word_1_287' title='bbox 648 4048 779 4118; x_wconf 84' lang='lat' dir='ltr'><strong>piamus;</strong></span> <span class='ocrx_word' id='word_1_288' title='bbox 800 4049 870 4120; x_wconf 91' lang='lat' dir='ltr'><strong>quia</strong></span> <span class='ocrx_word' id='word_1_289' title='bbox 888 4066 946 4102; x_wconf 91' lang='lat' dir='ltr'><strong>non</strong></span> <span class='ocrx_word' id='word_1_290' title='bbox 964 4055 1009 4103; x_wconf 88' lang='lat' dir='ltr'><strong>est</strong></span> <span class='ocrx_word' id='word_1_291' title='bbox 1027 4048 1104 4103; x_wconf 89' lang='lat' dir='ltr'><strong>inter</strong></span> <span class='ocrx_word' id='word_1_292' title='bbox 1122 4065 1175 4103; x_wconf 92' lang='lat' dir='ltr'><strong>nos</strong></span> <span class='ocrx_word' id='word_1_293' title='bbox 1194 4047 1302 4119; x_wconf 88' lang='lat' dir='ltr'><strong>aliquis</strong></span> <span class='ocrx_word' id='word_1_294' title='bbox 1328 4048 1371 4103; x_wconf 88' lang='lat' dir='ltr'><strong>ita</strong></span> <span class='ocrx_word' id='word_1_295' title='bbox 1397 4047 1530 4113; x_wconf 89' lang='lat' dir='ltr'><strong>idoneus,</strong></span> <span class='ocrx_word' id='word_1_296' title='bbox 1551 4055 1582 4103; x_wconf 89' lang='lat' dir='ltr'><strong>ot</strong></span> <span class='ocrx_word' id='word_1_297' title='bbox 1609 4051 1661 4120; x_wconf 90' lang='lat' dir='ltr'><strong>qui</strong></span> 
     </span>
    </p>

    <p class='ocr_par' dir='ltr' id='par_1_17' title="bbox 608 4130 1665 4203">
     <span class='ocr_line' id='line_1_35' title="bbox 608 4130 1665 4203; baseline 0.002 -17"><span class='ocrx_word' id='word_1_298' title='bbox 608 4135 628 4159; x_wconf 90' lang='lat'>“</span> <span class='ocrx_word' id='word_1_299' title='bbox 649 4132 690 4186; x_wconf 85' lang='lat' dir='ltr'><strong>ita</strong></span> <span class='ocrx_word' id='word_1_300' title='bbox 716 4133 940 4187; x_wconf 86' lang='lat' dir='ltr'><strong>consuetudines</strong></span> <span class='ocrx_word' id='word_1_301' title='bbox 965 4138 996 4187; x_wconf 89' lang='lat' dir='ltr'><strong>ct</strong></span> <span class='ocrx_word' id='word_1_302' title='bbox 1016 4130 1086 4201; x_wconf 85' lang='lat' dir='ltr'><strong>jura</strong></span> <span class='ocrx_word' id='word_1_303' title='bbox 1109 4132 1241 4186; x_wconf 72' lang='lat' dir='ltr'><strong>ecclesiae</strong></span> <span class='ocrx_word' id='word_1_304' title='bbox 1265 4132 1404 4186; x_wconf 84' lang='lat' dir='ltr'><strong>Rcmanae</strong></span> <span class='ocrx_word' id='word_1_305' title='bbox 1428 4133 1604 4203; x_wconf 87' lang='lat' dir='ltr'><strong>pernoverit,</strong></span> <span class='ocrx_word' id='word_1_306' title='bbox 1632 4142 1665 4189; x_wconf 87' lang='lat' dir='ltr'><strong>et</strong></span> 
     </span>
    </p>

    <p class='ocr_par' dir='ltr' id='par_1_18' title="bbox 608 4216 1662 4288">
     <span class='ocr_line' id='line_1_36' title="bbox 608 4216 1662 4288; baseline 0.003 -18"><span class='ocrx_word' id='word_1_307' title='bbox 608 4219 627 4244; x_wconf 92' lang='lat'>“</span> <span class='ocrx_word' id='word_1_308' title='bbox 647 4216 718 4271; x_wconf 84' lang='lat' dir='ltr'><strong>odeo</strong></span> <span class='ocrx_word' id='word_1_309' title='bbox 731 4217 912 4288; x_wconf 81' lang='lat' dir='ltr'><strong>principibus</strong></span> <span class='ocrx_word' id='word_1_310' title='bbox 920 4223 1006 4272; x_wconf 81' lang='lat' dir='ltr'><strong>terrm</strong></span> <span class='ocrx_word' id='word_1_311' title='bbox 1016 4216 1226 4287; x_wconf 84' lang='lat' dir='ltr'><strong>complaceat.”</strong></span> <span class='ocrx_word' id='word_1_312' title='bbox 1250 4216 1341 4271; x_wconf 80' lang='lat' dir='ltr'><strong>Etita</strong></span> <span class='ocrx_word' id='word_1_313' title='bbox 1353 4217 1381 4269; x_wconf 91' lang='lat' dir='ltr'><strong>in</strong></span> <span class='ocrx_word' id='word_1_314' title='bbox 1396 4217 1522 4271; x_wconf 86' lang='lat' dir='ltr'><strong>amicum</strong></span> <span class='ocrx_word' id='word_1_315' title='bbox 1529 4223 1662 4273; x_wconf 78' lang='lat' dir='ltr'><strong>vestrum</strong></span> 
     </span>
    </p>
   </div>
   <div class='ocr_carea' id='block_1_3' title="bbox 607 4299 1579 4357">
    <p class='ocr_par' dir='ltr' id='par_1_19' title="bbox 607 4299 1579 4357">
     <span class='ocr_line' id='line_1_37' title="bbox 607 4299 1579 4357; baseline 0 -1"><span class='ocrx_word' id='word_1_316' title='bbox 607 4320 693 4357; x_wconf 87' lang='lat' dir='ltr'><strong>suum</strong></span> <span class='ocrx_word' id='word_1_317' title='bbox 711 4301 851 4356; x_wconf 89' lang='lat' dir='ltr'><strong>honorem</strong></span> <span class='ocrx_word' id='word_1_318' title='bbox 870 4308 900 4356; x_wconf 93' lang='lat' dir='ltr'><strong>ct</strong></span> <span class='ocrx_word' id='word_1_319' title='bbox 918 4319 991 4355; x_wconf 91' lang='lat' dir='ltr'><strong>onus</strong></span> <span class='ocrx_word' id='word_1_320' title='bbox 1010 4299 1093 4354; x_wconf 84' lang='lat' dir='ltr'><strong>curia</strong></span> <span class='ocrx_word' id='word_1_321' title='bbox 1110 4299 1242 4355; x_wconf 86' lang='lat' dir='ltr'><strong>Romana</strong></span> <span class='ocrx_word' id='word_1_322' title='bbox 1259 4299 1427 4356; x_wconf 79' lang='lat' dir='ltr'><strong>transfudit.</strong></span> <span class='ocrx_word' id='word_1_323' title='bbox 1464 4300 1579 4357; x_wconf 84' lang='lat' dir='ltr'><strong>Volete.</strong></span> 
     </span>
    </p>
   </div>
   <div class='ocr_carea' id='block_1_4' title="bbox 962 4423 1316 4494">
    <p class='ocr_par' dir='ltr' id='par_1_20' title="bbox 962 4423 1316 4494">
     <span class='ocr_line' id='line_1_38' title="bbox 962 4423 1316 4494; baseline -0.006 -15"><span class='ocrx_word' id='word_1_324' title='bbox 962 4423 1089 4494; x_wconf 75' lang='lat' dir='ltr'><strong>Esplicit</strong></span> <span class='ocrx_word' id='word_1_325' title='bbox 1108 4423 1178 4478; x_wconf 78' lang='lat' dir='ltr'><strong>liber</strong></span> <span class='ocrx_word' id='word_1_326' title='bbox 1191 4423 1316 4494; x_wconf 64' lang='lat' dir='ltr'><strong>primus.</strong></span> 
     </span>
    </p>
   </div>
   <div class='ocr_carea' id='block_1_5' title="bbox 606 4599 1667 5060">
    <p class='ocr_par' dir='ltr' id='par_1_21' title="bbox 606 4599 1667 5060">
     <span class='ocr_line' id='line_1_39' title="bbox 640 4599 1667 4672; baseline -0.005 -14"><span class='ocrx_word' id='word_1_327' title='bbox 640 4611 646 4639; x_wconf 87' lang='lat'>¹</span> <span class='ocrx_word' id='word_1_328' title='bbox 665 4606 779 4672; x_wconf 76' lang='lat' dir='ltr'><strong>Moyses]</strong></span> <span class='ocrx_word' id='word_1_329' title='bbox 799 4605 896 4653; x_wconf 76' lang='lat' dir='ltr'><strong>Muster</strong></span> <span class='ocrx_word' id='word_1_330' title='bbox 914 4601 1001 4650; x_wconf 86' lang='lat' dir='ltr'><strong>Moses</strong></span> <span class='ocrx_word' id='word_1_331' title='bbox 1020 4616 1072 4650; x_wconf 82' lang='lat' dir='ltr'><strong>was</strong></span> <span class='ocrx_word' id='word_1_332' title='bbox 1090 4615 1105 4650; x_wconf 90' lang='lat' dir='ltr'><strong>a</strong></span> <span class='ocrx_word' id='word_1_333' title='bbox 1159 4615 1239 4649; x_wconf 87' lang='lat' dir='ltr'><strong>seems</strong></span> <span class='ocrx_word' id='word_1_334' title='bbox 1262 4608 1289 4648; x_wconf 86' lang='lat' dir='ltr'><strong>to</strong></span> <span class='ocrx_word' id='word_1_335' title='bbox 1312 4599 1377 4649; x_wconf 85' lang='lat' dir='ltr'><strong>hare</strong></span> <span class='ocrx_word' id='word_1_336' title='bbox 1399 4601 1475 4651; x_wconf 80' lang='lat' dir='ltr'><strong>taken</strong></span> <span class='ocrx_word' id='word_1_337' title='bbox 1495 4599 1539 4651; x_wconf 88' lang='lat' dir='ltr'><strong>the</strong></span> <span class='ocrx_word' id='word_1_338' title='bbox 1558 4610 1616 4665; x_wconf 80' lang='lat' dir='ltr'><strong>part</strong></span> <span class='ocrx_word' id='word_1_339' title='bbox 1636 4604 1667 4653; x_wconf 82' lang='lat' dir='ltr'><strong>os</strong></span> 
     </span>
     <span class='ocr_line' id='line_1_40' title="bbox 606 4678 1554 4743; baseline -0.009 -4"><span class='ocrx_word' id='word_1_340' title='bbox 606 4686 723 4739; x_wconf 82' lang='lat' dir='ltr'><strong>canonos</strong></span> <span class='ocrx_word' id='word_1_341' title='bbox 732 4686 774 4734; x_wconf 82' lang='lat' dir='ltr'><strong>the</strong></span> <span class='ocrx_word' id='word_1_342' title='bbox 785 4684 894 4732; x_wconf 78' lang='lat' dir='ltr'><strong>lateran</strong></span> <span class='ocrx_word' id='word_1_343' title='bbox 903 4679 1105 4731; x_wconf 67' lang='lat' dir='ltr'><strong>{iudaice-chan·</strong></span> <span class='ocrx_word' id='word_1_344' title='bbox 1159 4678 1276 4728; x_wconf 78' lang='lat' dir='ltr'><strong>Baldwin</strong></span> <span class='ocrx_word' id='word_1_345' title='bbox 1289 4680 1388 4743; x_wconf 81' lang='lat' dir='ltr'><strong>against</strong></span> <span class='ocrx_word' id='word_1_346' title='bbox 1399 4679 1443 4729; x_wconf 83' lang='lat' dir='ltr'><strong>the</strong></span> <span class='ocrx_word' id='word_1_347' title='bbox 1455 4680 1554 4730; x_wconf 84' lang='lat' dir='ltr'><strong>mocks.</strong></span> 
     </span>
     <span class='ocr_line' id='line_1_41' title="bbox 607 4756 1662 4826; baseline -0.008 -9"><span class='ocrx_word' id='word_1_348' title='bbox 607 4768 685 4817; x_wconf 87' lang='lat' dir='ltr'><strong>cellor</strong></span> <span class='ocrx_word' id='word_1_349' title='bbox 696 4765 725 4814; x_wconf 81' lang='lat' dir='ltr'><strong>os</strong></span> <span class='ocrx_word' id='word_1_350' title='bbox 733 4764 774 4813; x_wconf 80' lang='lat' dir='ltr'><strong>the</strong></span> <span class='ocrx_word' id='word_1_351' title='bbox 786 4763 847 4826; x_wconf 82' lang='lat' dir='ltr'><strong>hely</strong></span> <span class='ocrx_word' id='word_1_352' title='bbox 859 4776 907 4820; x_wconf 87' lang='lat' dir='ltr'><strong>see,</strong></span> <span class='ocrx_word' id='word_1_353' title='bbox 923 4762 1078 4808; x_wconf 75' lang='lat'>1137-1194.</span> <span class='ocrx_word' id='word_1_354' title='bbox 1192 4756 1408 4822; x_wconf 55' lang='lat' dir='ltr'><strong>‘Praenestinum</strong></span> <span class='ocrx_word' id='word_1_355' title='bbox 1453 4759 1517 4808; x_wconf 85' lang='lat' dir='ltr'><strong>Paul</strong></span> <span class='ocrx_word' id='word_1_356' title='bbox 1555 4758 1662 4820; x_wconf 79' lang='lat' dir='ltr'><strong>Sceleri,</strong></span> 
     </span>
     <span class='ocr_line' id='line_1_42' title="bbox 639 4836 1663 4906; baseline -0.006 -12"><span class='ocrx_word' id='word_1_357' title='bbox 639 4841 840 4906; x_wconf 58' lang='grc' dir='ltr'><strong>πΑΙόαηενιεεηι]</strong></span> <span class='ocrx_word' id='word_1_358' title='bbox 867 4839 965 4901; x_wconf 80' lang='lat' dir='ltr'><strong>llenry,</strong></span> <span class='ocrx_word' id='word_1_359' title='bbox 994 4838 1107 4887; x_wconf 79' lang='lat' dir='ltr'><strong>cardinal</strong></span> <span class='ocrx_word' id='word_1_360' title='bbox 1159 4837 1273 4887; x_wconf 87' lang='lat' dir='ltr'><strong>cardinal</strong></span> <span class='ocrx_word' id='word_1_361' title='bbox 1284 4836 1374 4900; x_wconf 87' lang='lat' dir='ltr'><strong>bishop</strong></span> <span class='ocrx_word' id='word_1_362' title='bbox 1388 4837 1418 4886; x_wconf 82' lang='lat' dir='ltr'><strong>of</strong></span> <span class='ocrx_word' id='word_1_363' title='bbox 1434 4837 1584 4896; x_wconf 78' lang='lat' dir='ltr'><strong>Palestrina,</strong></span> <span class='ocrx_word' id='word_1_364' title='bbox 1598 4845 1663 4890; x_wconf 80' lang='grc'>1180</span> 
     </span>
     <span class='ocr_line' id='line_1_43' title="bbox 606 4916 1662 4988; baseline -0.01 -13"><span class='ocrx_word' id='word_1_365' title='bbox 606 4924 738 4988; x_wconf 82' lang='lat' dir='ltr'><strong>bishopos</strong></span> <span class='ocrx_word' id='word_1_366' title='bbox 754 4923 866 4980; x_wconf 84' lang='lat' dir='ltr'><strong>Albano,</strong></span> <span class='ocrx_word' id='word_1_367' title='bbox 880 4921 1031 4968; x_wconf 71' lang='lat' dir='ltr'><strong>litu-1188.</strong></span> <span class='ocrx_word' id='word_1_368' title='bbox 1065 4916 1107 4966; x_wconf 84' lang='lat' dir='ltr'><strong>lie</strong></span> <span class='ocrx_word' id='word_1_369' title='bbox 1159 4918 1250 4973; x_wconf 82' lang='lat'><strong>-1187,</strong></span> <span class='ocrx_word' id='word_1_370' title='bbox 1278 4917 1380 4966; x_wconf 85' lang='lat' dir='ltr'><strong>became</strong></span> <span class='ocrx_word' id='word_1_371' title='bbox 1412 4932 1476 4980; x_wconf 89' lang='lat' dir='ltr'><strong>pope</strong></span> <span class='ocrx_word' id='word_1_372' title='bbox 1499 4933 1527 4967; x_wconf 85' lang='lat' dir='ltr'><strong>us</strong></span> <span class='ocrx_word' id='word_1_373' title='bbox 1546 4917 1662 4969; x_wconf 72' lang='lat' dir='ltr'><strong>Clemens</strong></span> 
     </span>
     <span class='ocr_line' id='line_1_44' title="bbox 606 4994 1353 5060; baseline -0.012 -6"><span class='ocrx_word' id='word_1_374' title='bbox 606 5005 657 5054; x_wconf 89' lang='lat' dir='ltr'><strong>had</strong></span> <span class='ocrx_word' id='word_1_375' title='bbox 668 5005 731 5054; x_wconf 86' lang='lat' dir='ltr'><strong>been</strong></span> <span class='ocrx_word' id='word_1_376' title='bbox 750 5002 827 5053; x_wconf 83' lang='lat' dir='ltr'><strong>abbot</strong></span> <span class='ocrx_word' id='word_1_377' title='bbox 845 4999 875 5049; x_wconf 87' lang='lat' dir='ltr'><strong>of</strong></span> <span class='ocrx_word' id='word_1_378' title='bbox 891 4997 1038 5056; x_wconf 71' lang='lat' dir='ltr'><strong>Cicirrum,</strong></span> <span class='ocrx_word' id='word_1_379' title='bbox 1057 4996 1108 5046; x_wconf 87' lang='lat' dir='ltr'><strong>and</strong></span> <span class='ocrx_word' id='word_1_380' title='bbox 1160 4994 1208 5045; x_wconf 85' lang='lat' dir='ltr'><strong>lIL</strong></span> <span class='ocrx_word' id='word_1_381' title='bbox 1223 4994 1273 5045; x_wconf 84' lang='lat' dir='ltr'><strong>this</strong></span> <span class='ocrx_word' id='word_1_382' title='bbox 1285 5010 1353 5060; x_wconf 84' lang='lat' dir='ltr'><strong>year.</strong></span> 
     </span>
    </p>
   </div>
   <div class='ocr_carea' id='block_1_6' title="bbox 0 0 2105 6388">
    <p class='ocr_par' dir='ltr' id='par_1_22' title="bbox 0 0 2105 6388">
     <span class='ocr_line' id='line_1_45' title="bbox 0 0 2105 6388; baseline 0 0"><span class='ocrx_word' id='word_1_383' title='bbox 0 0 2105 6388; x_wconf 95' lang='lat' dir='ltr'><strong> </strong></span> 
     </span>
    </p>
   </div>
  </div>
 </body>
</html>
