4192 6392
789 1180 949 1234 rumoso
971 1182 1174 1237 annnnwrni
1463 1181 1502 1247 71

454 1353 617 1422 ⁸b⁸⁰l¹12083
638 1355 665 1412 δί
683 1360 782 1412 lamen
793 1356 962 1428 hujusmodi
980 1359 1089 1430 ligatos
1108 1378 1173 1418 esse
1191 1361 1364 1429 decreverit,
1379 1363 1457 1434 quia,
1471 1370 1506 1419 ut
1539 1374 1595 1418 sn.
1604 1379 1662 1421 118⁷.

454 1447 587 1496 usserunt
604 1439 658 1512 qui
675 1440 781 1498 talium
798 1441 936 1498 videntur
947 1443 1056 1500 habere
1069 1444 1231 1512 seientiam,
1247 1447 1391 1505 sententia
1403 1447 1504 1518 hujus·
1548 1425 1646 1529 hffiyff‘

453 1527 530 1582 modi
546 1534 651 1584 eontm
663 1527 743 1599 juris
761 1527 893 1585 ordinem
910 1529 1032 1601 prolata,
1053 1535 1167 1601 etpost
1184 1531 1386 1603 interpositam
1404 1533 1502 1604 appel·
1515 1539 1644 1596 Theypmv

452 1611 598 1679 hdenem,
610 1630 666 1669 nec
683 1613 814 1668 timenda
832 1613 1018 1684 aliquatenus
1036 1621 1116 1670 esset
1134 1631 1189 1671 nee
1207 1615 1341 1673 tenenda.
1379 1616 1501 1686 Ignora·
1515 1590 1641 1687 QX&

452 1713 515 1752 mus
527 1702 627 1753 tamen
644 1697 762 1769 penitus
781 1697 853 1769 quid
870 1716 889 1754 a
906 1698 1082 1769 paternitate
1100 1704 1200 1756 vestra
1217 1699 1272 1755 filii
1284 1700 1383 1756 afflicti
1402 1705 1502 1771 petere
1515 1690 1586 1743 them,
1594 1694 1615 1736 ¹¹
1620 1695 1650 1738 ¹1⁰

453 1779 617 1837 debeamus.
654 1780 775 1850 Quoties
801 1781 880 1837 enim
905 1782 1003 1854 apices
1029 1788 1144 1840 vestros
1170 1801 1259 1855 super
1282 1784 1501 1854 gravaminibus
1515 1743 1631 1853 {iiiiii}

454 1865 555 1921 saltem
573 1870 641 1936 post
666 1866 893 1937 appellationem
920 1866 1004 1922 nobis
1031 1867 1124 1926 illatis
1154 1867 1185 1923 in
1216 1873 1325 1925 statum
1343 1867 1501 1939 pristinum
1513 1842 1671 1941 fflpv'ffl'

453 1950 643 2006 reformandis
673 1951 806 2007 dominus
845 1952 1083 2025 archiepiscopus
1113 1953 1234 2024 accepit,
1265 1954 1352 2010 toties
1382 1965 1638 2014 manumrnsareh·

454 2052 534 2090 suam
558 2052 647 2107 snper
671 2054 725 2092 nos
751 2037 847 2108 magis
872 2038 1057 2110 aggravavit,
1085 2043 1116 2095 et
1144 2039 1250 2094 fratres
1275 2039 1367 2095 nostri
1386 2017 1660 2123 litteresssffhffi'

453 2124 564 2174 vestrm
582 2118 620 2174 ad
637 2137 705 2175 eum
722 2121 912 2190 perferentes,
933 2122 1011 2178 sicut
1037 2127 1255 2194 conqueruntur
1273 2121 1430 2187 redeundo,
1450 2119 1501 2177 vix
1512 2119 1657 2218 ww·

453 2201 482 2256 in
498 2203 607 2259 atrium
625 2205 674 2260 vel
691 2203 810 2261 demum
840 2206 1013 2262 exteriorem
1043 2206 1247 2272 admittuntur,
1268 2205 1500 2262 benedictionem

452 2287 618 2346 recedentes
636 2289 792 2360 impetrare
810 2308 868 2346 non
885 2299 1016 2362 possunt.
1055 2291 1175 2348 Utinam
1194 2291 1245 2363 qui
1263 2309 1315 2346 nos
1327 2290 1501 2346 conturbant

452 2375 560 2428 tantum
584 2373 788 2430 erubescerent
810 2375 839 2429 in
857 2375 1027 2447 hujusmodi
1051 2375 1172 2441 actione,
1193 2380 1333 2446 quantum
1356 2392 1409 2430 nos
1433 2392 1500 2429 con·

453 2454 599 2513 fundimur
617 2458 654 2513 de
665 2459 772 2514 talibus
785 2459 996 2530 conquerendo
1029 2460 1069 2515 Et
1080 2466 1158 2516 certe
1179 2460 1204 2515 si
1223 2458 1382 2532 indignitas
1401 2463 1501 2514 nostra

453 2539 538 2611 digna
559 2547 605 2599 est
622 2543 677 2599 hoc
694 2543 847 2609 sustinere,
862 2544 990 2614 dignitas
1012 2545 1104 2614 patris
1122 2544 1223 2612 uestri,
1238 2545 1377 2601 hactenus
1395 2544 1428 2599 in
1444 2561 1498 2600 nes

452 2623 584 2694 demeris,
613 2645 666 2684 nos
696 2629 784 2699 longe
815 2626 938 2699 indigna
961 2634 1007 2684 est
1031 2628 1075 2684 sic
1104 2630 1279 2700 opprimere.
1328 2629 1498 2700 Pauperum

453 2711 526 2767 enim
547 2712 661 2768 vexatio
685 2729 809 2783 quorum
834 2716 978 2783 protector
1004 2729 1068 2768 esse
1093 2711 1201 2778 debuit,
1222 2729 1275 2768 neo
1300 2712 1414 2767 meritis
1433 2711 1497 2781 ejus

453 2796 560 2851 secedit
581 2814 636 2852 nee
653 2797 765 2851 honori.
804 2796 859 2851 Pio
881 2802 948 2852 vota
965 2801 1065 2853 vestra
1081 2796 1175 2865 pietas
1193 2796 1293 2854 divina
1319 2800 1496 2866 promoveat,

452 2881 607 2938 reverende
624 2887 706 2953 pater
724 2885 754 2936 ot
771 2880 896 2937 domine.

534 3105 703 3166 LXXXIV.
752 3107 944 3163 ansmsus
967 3119 1204 3163 sucnmmscorus
1229 3105 1395 3164 converret
1508 3114 1638 3219 (m.

861 3192 1084 3248 Gmummnsr.
1508 3216 1578 3267 lm)

481 3322 525 3380 De
543 3328 622 3379 statu
639 3323 743 3379 domus
762 3327 869 3380 nostru>
887 3330 1005 3395 propter
1023 3323 1119 3394 proris
1138 3321 1309 3387 absentiam,
1335 3320 1495 3378 secundum
1507 3331 1628 3378 menen·

452 3408 524 3479 quod
548 3408 621 3464 utile
650 3407 796 3464 credimus
825 3424 889 3465 esso
913 3413 941 3462 et
964 3408 1173 3473 necessarium,
1200 3407 1390 3463 admonemus
1507 3382 1591 3436 ΜΡ

451 3492 545 3549 dantes
580 3493 664 3548 vobis
689 3500 830 3563 quatenus
861 3493 1072 3549 ordinationem
1107 3497 1246 3558 nostram,
1282 3491 1358 3547 sieut
1388 3486 1640 3546 latoresoenltnil‘l

1507 3534 1644 3579 reoeirethe

451 3579 633 3647 presentium
657 3579 761 3635 fratres
786 3580 876 3634 vestri
901 3597 936 3632 cx
960 3584 1042 3650 perte
1064 3584 1162 3633 nostra
1180 3577 1264 3634 vobis
1286 3576 1421 3641 dixerint,
1447 3576 1632 3648 tir-bearetur

452 3663 531 3718 miter
554 3662 704 3719 observari
729 3662 851 3719 faciatis.
890 3663 970 3718 Bene
995 3664 1088 3717 valete
1113 3680 1228 3732 semper
1250 3662 1280 3715 in
1304 3660 1438 3716 Domino.
1506 3637 1626 3732 fflffi„

1507 3737 1549 3782 the
1556 3739 1638 3791 priore

1508 3788 1612 3834 absenoa

574 3887 725 3948 LXXXV.
763 3888 1364 3946 annwrremcnmr1scorocosurrrus
1528 3889 1639 3942 Jtnuerr·

846 3975 1085 4032 Csnrunnmssrs.
1507 3939 1625 4041 iis'arim'

481 4092 596 4150 Placuit
630 4093 795 4164 paternitati
831 4100 935 4147 vestrm
971 4092 1008 4147 do
1044 4090 1224 4147 ordinatione
1249 4091 1431 4163 quorundam
1465 4089 1665 4159 inrneeonvent,

451 4179 568 4234 ecclesie
603 4183 701 4233 vestra
733 4177 874 4241 faciende,
895 4193 948 4248 per
980 4177 1084 4231 tratres
1115 4181 1228 4232 nostros
1262 4177 1297 4231 R.
1324 4176 1360 4232 R.
1388 4181 1417 4231 et
1446 4174 1494 4230 Jo.
1508 4158 1642 4253 fflffl‘ffi

451 4263 610 4328 monachos,
629 4269 746 4334 propter
758 4262 874 4332 prioris,
888 4267 922 4316 ut
942 4260 1048 4324 dicitis,
1062 4261 1223 4317 absentiam
1235 4261 1382 4317 mandare.
1413 4260 1493 4328 Quae,
1506 4239 1649 4353 ffiffilgff

450 4348 582 4416 quoniam
605 4346 751 4403 contraria
775 4356 842 4400 sunt
866 4346 902 4401 iis
922 4363 987 4416 quae
1005 4364 1134 4416 praesens
1155 4346 1319 4417 potentibus
1341 4345 1493 4409 annuistis,
1506 4360 1559 4404 that
1572 4320 1646 4404 ehep

449 4430 494 4485 rix
518 4430 576 4485 fide
595 4430 687 4502 digna
706 4431 883 4502 putavimus.
935 4429 1009 4485 Cum
1038 4430 1118 4484 enim
1142 4446 1194 4500 per
1219 4431 1323 4486 fratros
1353 4428 1494 4499 quosdam
1506 4411 1651 4514 gffi‘iffffl

449 4513 672 4580 ostenderemus,
693 4515 771 4585 quod
787 4513 965 4570 consuetudo
981 4514 1012 4569 in
1031 4514 1235 4570 Cantuerionsi
1257 4531 1372 4584 semper
1390 4513 1495 4569 fuisset
1506 4511 1652 4607 {flgfflissb'

448 4598 577 4662 eeclesia,
601 4599 678 4654 sicut
707 4603 737 4653 et
760 4599 792 4652 in
821 4599 932 4663 multis,
960 4602 994 4653 ut
1018 4598 1118 4669 priore
1144 4599 1263 4654 absente
1295 4598 1341 4653 vel
1368 4602 1493 4664 mortuo,
1507 4615 1578 4668 prior.

444 4683 580 4754 ¹supprior
603 4683 698 4738 vicem
722 4683 786 4752 ejus
807 4683 956 4753 suppleret
979 4683 1010 4736 in
1033 4683 1241 4739 omnibustam
1266 4683 1393 4739 exterius
1406 4702 1494 4756 quam

447 4765 575 4832 interius,
594 4773 724 4838 potentes
744 4772 777 4821 ut
799 4767 902 4823 liceret
931 4766 1019 4823 etiam
1051 4785 1129 4823 nune
1156 4768 1397 4824 consuetudinem
1421 4769 1496 4824 anti·

445 4868 529 4922 quam
553 4851 659 4907 rationi
683 4857 712 4907 et
730 4852 842 4923 regulae
863 4856 1085 4908 consentaneam
1108 4852 1273 4917 observare,
1300 4851 1493 4916 concessistis,

444 4940 470 4989 et
492 4937 590 4991 omnia
614 4934 644 4990 in
668 4937 769 4991 ordino
793 4954 846 4992 suo
867 4937 1000 5007 jussistis
1019 4953 1199 5007 permanere.
1238 4936 1307 4993 Sive
1332 4953 1412 5006 ergo,
1427 4953 1493 5005 quaa

442 5035 490 5088 per
509 5020 575 5090 J’am
599 5020 692 5076 dictos
722 5021 827 5077 tratres
853 5020 1028 5077 denunciata
1051 5028 1127 5087 sunt,
1159 5021 1242 5078 illius
1267 5018 1409 5076 sermonis
1440 5018 1494 5076 im·

439 5118 581 5162 memores
605 5104 777 5174 mandastis,
802 5105 865 5162 sive
884 5106 969 5163 aliter
993 5106 1119 5177 putastis
1138 5103 1313 5169 faciendum,
1333 5103 1493 5161 sanctitatis
