4192 6392
808 1854 1169 1948 APPENDIX.

877 2096 1083 2113 vmm

498 2303 641 2362 DLVIII.
663 2302 794 2359 Jonssrrr
812 2301 1001 2357 Luonrurrsr
1018 2314 1249 2367 sncnrnrrscoro,
1268 2300 1385 2358 Anisus
1403 2316 1489 2358 suros
1546 2322 1670 2369 punge

875 2385 1114 2442 Gerrusnrnrsrs.

695 2531 773 2597 [Epp.
786 2529 865 2582 Alani
876 2529 1005 2582 Theoksb.
1038 2528 1087 2581 lid
1100 2529 1180 2591 (liles,
1191 2545 1230 2596 ep.
1242 2529 1292 2597 xi]

1556 2377 1664 2420 neven

1547 2437 1672 2538 lieu

506 2677 644 2742 Johnnni,
675 2676 731 2732 Dei
765 2677 872 2748 gretie
909 2676 1104 2750 Lugduneusi
1134 2676 1364 2749 archiepiscopo,
1394 2676 1518 2741 Alanus,
1531 2692 1651 2748 rhemor

470 2763 553 2835 prior
573 2761 795 2817 cantuariensis
822 2761 965 2826 ecoleeioe,
987 2761 1123 2817 sulutem.
1161 2761 1244 2816 Inter
1262 2778 1311 2817 eos
1333 2779 1406 2832 quos
1424 2748 1683 2854 ldh⁰⁰iiemi¹ss⁰

471 2846 645 2918 superstites
669 2845 746 2900 filios
773 2843 916 2900 enutrivit
940 2851 971 2900 et
996 2845 1147 2909 exultavit,
1171 2845 1399 2916 Lugdunensem
1423 2845 1557 2901 archi-or

471 2931 640 3002 episcopum
662 2929 845 3001 precipuum
868 2928 958 2986 hebet
987 2936 1018 2984 et
1046 2933 1165 3001 reputet
1182 2935 1277 2984 meter
1299 2928 1519 2984 Briteunierum
1530 2898 1673 3001 ffliyoi'h‘i.

470 3020 571 3071 sancte
597 3013 817 3070 cantuariensis
845 3013 978 3070 ecclesie.
1023 3013 1060 3068 In
1087 3012 1149 3068 suis
1177 3012 1296 3084 quidem
1320 3013 1465 3085 augustiis
1490 2999 1689 3094 et‘}·‘{u¹¹⁰,2⁸¹rb⁰¹¹⁸t

470 3097 749 3170 perturbationibus,
777 3097 885 3169 quibus
917 3096 1054 3152 continue
1085 3095 1177 3166 affligi
1206 3096 1403 3168 compellitur,
1430 3096 1520 3168 hujus
1531 3063 1683 3146 notwlrffi'

471 3181 526 3236 filii
542 3180 630 3237 toties
649 3186 769 3252 experte
786 3180 884 3246 fldem,
904 3179 1091 3235 devotionern
1115 3184 1146 3234 et
1169 3179 1316 3235 efficacem
1333 3179 1519 3247 industrium,
1531 3149 1673 3254 iiim

471 3265 508 3320 de
526 3271 632 3320 caetero
649 3264 740 3321 hebet
750 3263 905 3320 certiorari
922 3262 1013 3319 telem
1032 3268 1063 3318 et
1079 3267 1194 3318 tentum
1206 3262 1301 3318 filium
1320 3262 1521 3319 immemorem
1532 3250 1673 3347 fflssffi

472 3365 537 3405 esse
563 3365 621 3403 nou
647 3365 733 3418 posse
763 3347 845 3404 illius
875 3346 1041 3402 dulcedinis
1073 3363 1161 3416 quum
1191 3363 1209 3401 e
1237 3345 1378 3402 maternis
1408 3346 1520 3403 diutius
1532 3354 1642 3403 wnvwlz

473 3433 552 3488 suxit
570 3431 719 3496 uberibus,
732 3430 810 3486 inter
828 3448 895 3501 quse
913 3430 1004 3485 etiem
1022 3447 1040 3485 e
1058 3429 1143 3485 cunis
1162 3429 1279 3486 coaluit.
1310 3429 1399 3486 Absit
1416 3431 1519 3502 igitur,
1532 3404 1691 3496 mihim

473 3516 551 3571 obsit
574 3514 666 3570 ofide
693 3521 724 3570 et
749 3514 902 3570 devotione
929 3513 1005 3569 tenti
1034 3513 1156 3578 alumni,
1182 3513 1234 3583 qui
1260 3531 1292 3569 se
1318 3514 1407 3570 toties
1433 3515 1521 3570 certis
1533 3502 1674 3597 ffiffl'

473 3599 582 3672 objecit
598 3597 739 3669 periculis
757 3615 811 3669 pro
829 3596 999 3653 defensione
1017 3597 1123 3653 metris
1142 3615 1214 3662 ense,
1233 3603 1268 3652 ut
1284 3597 1333 3653 vel
1357 3599 1523 3670 suspicetur
1534 3603 1644 3656 burrlho

474 3682 510 3738 de
528 3699 564 3737 eo
581 3679 661 3753 quod
677 3680 752 3737 velit
768 3685 883 3750 partem
908 3696 1016 3750 ponere
1042 3697 1111 3735 cum
1129 3680 1177 3745 iis,
1197 3681 1249 3752 qui
1276 3680 1343 3753 ipse
1367 3699 1385 3737 u
1413 3683 1522 3754 quibus
1535 3653 1672 3756 chamum

474 3764 588 3838 egressi
618 3770 687 3820 sunt
716 3770 848 3819 materne
876 3763 1052 3834 perturbent
1080 3763 1205 3829 viscere,
1232 3765 1382 3838 precipue
1412 3767 1463 3823 nbi
1493 3768 1526 3824 id
1535 3703 1663 3858 {Qm

474 3848 644 3922 permodice
669 3848 774 3903 enodet
803 3848 927 3911 occasio,
957 3847 1035 3919 quod
1061 3849 1118 3904 etsi
1144 3866 1262 3920 quoquo
1286 3850 1373 3906 modo
1395 3851 1638 3919 licueritboenrc·

476 3933 572 3986 minus
599 3937 699 3986 temen
724 3930 851 4002 expedit,
878 3930 996 3987 omuino
1026 3943 1127 3988 eutem
1156 3950 1215 3988 nou
1244 3933 1337 3990 decet.
1384 3934 1524 4005 Quemvis
1535 3905 1681 4002 iiifflii,

477 4014 555 4069 enim
573 4013 599 4068 is
618 4013 698 4084 opud
716 4031 804 4084 quem
828 4031 943 4068 summe
960 4032 1062 4070 rerum
1086 4016 1231 4082 consistit,
1251 4018 1336 4089 quusi
1353 4018 1444 4084 licite,
1459 4038 1526 4077 uuo·

476 4097 596 4153 toritete
615 4114 674 4167 qus
691 4097 846 4168 preminet
871 4097 926 4152 sub
943 4099 1031 4156 titulo
1051 4099 1147 4157 udhuc
1166 4101 1278 4172 ignoto,
1298 4109 1329 4159 et
1348 4120 1527 4159 scurronum

477 4183 571 4239 forme
598 4180 786 4253 aliquatenus
815 4180 922 4246 alieno,
947 4183 1043 4253 possit
1071 4201 1130 4240 uon
1161 4185 1257 4241 solum
1286 4187 1449 4259 assignare,
1475 4188 1528 4243 sed

477 4267 575 4339 potius
593 4267 755 4321 transferre
772 4264 947 4320 beneficium
966 4266 1188 4325 Csntueriensis
1212 4270 1346 4327 ecclesie
1363 4270 1401 4325 ud
1418 4271 1529 4343 episco-

476 4369 548 4424 pum
572 4350 675 4406 eliense
700 4348 861 4422 provincius
885 4355 916 4407 et
941 4349 1040 4406 minus
1059 4360 1215 4422 egentem
1235 4352 1267 4407 id
1291 4359 1391 4408 temen
1418 4354 1528 4410 viderit

477 4435 606 4506 benigne
623 4435 678 4490 filii
704 4434 853 4499 discretio,
873 4439 975 4490 utrum
992 4435 1130 4506 expediet
1153 4434 1184 4490 in
1207 4436 1312 4491 metris
1329 4437 1530 4492 confusionem

473 4518 635 4575 ecclesiam
664 4518 701 4573 de
731 4518 883 4573 Einissord
911 4524 994 4574 tento
1030 4525 1161 4588 tempore
1191 4518 1301 4590 injuste
1331 4518 1467 4584 ebletem,
1499 4527 1531 4576 et

479 4602 598 4657 demum
624 4619 682 4656 uon
701 4601 764 4656 sine
782 4600 876 4656 multo
893 4601 995 4657 labore
1013 4606 1044 4656 et
1062 4602 1210 4673 angustie,
1230 4601 1378 4659 mediante
1401 4603 1528 4674 justitie,

479 4684 654 4749 evictum,'e
671 4683 769 4739 debito
795 4684 842 4738 sui
868 4690 947 4740 stetu
972 4683 1150 4755 perturbari.
1189 4683 1285 4754 Quem
1311 4686 1416 4758 ntique
1439 4688 1532 4744 eccle-

480 4769 556 4824 sium
583 4772 678 4821 meter
707 4772 807 4821 vestre
831 4767 1040 4822 monachorum
1069 4766 1185 4824 deliciis
1215 4786 1274 4823 non
1300 4770 1452 4841 applicuit,
1478 4772 1532 4828 sed

479 4850 583 4907 usibus
601 4866 765 4921 pauperum
782 4848 832 4921 pio
849 4848 1004 4921 deputosit
1020 4850 1136 4906 effectu.
1168 4852 1205 4907 In
1222 4851 1413 4909 subversione
1431 4855 1531 4928 itaque

481 4950 644 5008 pauperum
671 4931 793 4996 Christi,
816 4949 890 5004 quos
917 4933 983 5004 ipss
1012 4935 1144 5006 suscepit
1169 4935 1300 5002 eleudos,
1323 4936 1349 4993 si
1375 4940 1532 5011 contigerit

481 5025 607 5075 metrem
624 5017 680 5071 filii
707 5016 904 5087 improbitate,
924 5017 1003 5087 quod
1020 5016 1103 5072 Deus
1129 5024 1253 5085 evertet,
1273 5020 1408 5078 acerbius
1426 5025 1532 5081 moles-

482 5102 551 5169 tsri,
583 5119 619 5158 ex
654 5099 823 5171 hujusmodi
859 5099 973 5157 arboris
1008 5099 1110 5156 redies
1146 5102 1243 5174 qualis
1272 5105 1382 5175 poterit
1417 5107 1531 5166 fructus
