4192 6392
625 1156 690 1220 432
908 1169 1080 1218 usuratu
1102 1167 1395 1230 esurusnrsnsm,

474 1351 596 1396 anslec.
625 1345 747 1411 saecu103
768 1345 819 1416 qui
837 1344 931 1416 major
957 1351 1003 1399 est
1025 1344 1144 1399 mundo.
1193 1343 1350 1410 Ceterum,
1379 1343 1543 1400 clementius
1568 1349 1683 1402 vestrm

491 1403 575 1506 Jffl
624 1428 802 1494 msudatum,
832 1447 898 1500 quo,
926 1429 1012 1500 juxta
1037 1429 1286 1500 praedecessorum
1314 1435 1481 1485 vestrorum
1510 1430 1684 1486 veneranda

457 1515 573 1560 ‘rhotum
625 1515 751 1578 decreta,
784 1514 926 1584 capellam
964 1513 1001 1567 de
1032 1513 1170 1577 Lamhee,
1203 1514 1234 1568 in
1263 1514 1423 1586 perniciem
1454 1513 1682 1570 cantuariensis
1733 1548 1736 1553 -

456 1567 602 1661 {bilbilim
624 1599 756 1653 ecelesiae
774 1605 863 1669 caput
880 1597 1077 1661 extollentem,
1092 1597 1278 1652 evertendam
1297 1598 1428 1653 funditus
1443 1597 1614 1669 judicastis,
1629 1598 1682 1653 de·

454 1667 613 1772 ffiffssffi
625 1701 711 1738 cusso
727 1683 790 1753 jam
802 1683 937 1745 termino,
950 1681 1075 1745 nullum,
1089 1682 1137 1736 vel
1150 1683 1180 1736 in
1192 1683 1247 1736 hoc
1267 1682 1315 1737 vel
1337 1683 1368 1736 iu
1387 1682 1444 1737 alio
1466 1683 1681 1753 comprehenso

455 1769 503 1812 ’Μ
513 1769 613 1823 nothing
623 1768 731 1822 litteris
749 1767 856 1823 vestris
875 1766 1007 1829 articulo,
1022 1772 1210 1820 consecutum
1223 1773 1268 1821 est
1287 1766 1431 1831 effectum,
1452 1766 1505 1820 sed
1523 1766 1677 1822 illudenti-

457 1819 566 1914 dlii?en
624 1853 680 1909 bus
706 1853 789 1906 nobis
815 1853 968 1922 potestatis
986 1852 1117 1906 adverse
1136 1852 1323 1915 consiliariis,
1343 1851 1500 1907 secundam
1520 1852 1678 1909 sedicunt

455 1920 588 2015 mm
625 1943 776 2008 expectare
791 1935 963 2006 jussionem.
1000 1935 1142 1991 Illusores
1161 1936 1240 1990 enim
1258 1942 1337 1991 recte
1356 1936 1524 2000 dixerimus,
1544 1937 1596 2007 qui
1612 1938 1679 2009 jam

458 2021 576 2074 flolysoe.
624 2021 720 2076 tribus
747 2020 843 2074 illusis
870 2019 943 2075 viris
960 2020 1138 2090 apostolicis,
1159 2019 1278 2075 Urbano
1304 2019 1453 2084 videlicet,
1474 2020 1626 2076 Clemente
1645 2023 1678 2077 in

625 2104 747 2159 eandem
775 2103 905 2159 mandati
928 2104 1053 2158 formam
1077 2103 1316 2175 diffinitionisque
1346 2104 1465 2159 modum
1499 2122 1678 2160 concurren-

624 2189 713 2252 tibus,
744 2187 832 2242 tertio
862 2205 978 2260 quoque
1006 2187 1189 2243 celebrande
1218 2188 1369 2242 memorie
1400 2187 1570 2253 Caelestino,
1603 2188 1676 2245 licet

625 2274 741 2328 diversa
764 2273 930 2327 litterarum
957 2272 1061 2336 forma,
1084 2271 1208 2326 eundem
1236 2278 1334 2327 tamen
1359 2272 1446 2326 linem
1464 2273 1584 2344 vimque
1614 2292 1677 2328 ser-

624 2362 710 2412 vante
729 2357 890 2422 sententiae,
909 2373 986 2411 nunc
1010 2356 1129 2411 tandem
1155 2373 1237 2410 more
1267 2373 1320 2411 suo
1345 2355 1470 2410 illudere
1489 2357 1625 2412 nituntur
1647 2366 1679 2415 et

623 2441 802 2504 Innocentio,
822 2440 979 2496 secundem
1009 2445 1195 2512 expectantes
1221 2441 1395 2511 jussionem,
1416 2457 1483 2494 cum
1511 2441 1677 2497 examinato

623 2527 813 2596 discussoque
830 2525 958 2595 negotio,
978 2530 1009 2580 et
1025 2524 1180 2579 diffinitiva
1198 2525 1342 2579 sententia
1359 2525 1449 2580 totius
1477 2525 1677 2582 altercationis

622 2610 784 2666 tollendum
806 2610 982 2672 conflictum,
998 2609 1063 2679 jam
1084 2614 1210 2679 quatuor
1231 2609 1399 2679 exceperint
1416 2609 1575 2680 jussiones.
1616 2610 1678 2666 Sed

623 2695 795 2751 confidimus
808 2694 839 2748 in
856 2693 900 2748 Eo
918 2698 1020 2748 contre
1037 2691 1132 2761 Quem
1148 2711 1206 2747 non
1228 2698 1274 2747 est
1294 2693 1445 2764 sapientia,
1467 2711 1524 2748 non
1544 2701 1590 2750 est
1606 2713 1678 2766 pru-
1691 2702 1804 2748 Pronus

623 2781 730 2844 dentiu,
744 2797 802 2834 non
814 2785 859 2833 est
870 2777 1035 2841 consilium,
1050 2777 1129 2848 quod
1139 2795 1193 2848 per
1205 2777 1372 2832 unctionem
1386 2776 1485 2842 Suum,
1500 2796 1566 2850 qum
1578 2796 1634 2834 vos
1646 2782 1678 2836 iu

623 2882 738 2918 omnem
749 2863 865 2924 induxit
876 2862 1040 2925 veritatem,
1055 2862 1203 2932 supienter
1215 2861 1388 2915 aemulorum
1401 2866 1536 2917 occurrat
1547 2865 1676 2919 astutius.

625 2948 700 3004 Sane
730 2948 823 3003 totius·
851 2945 983 3000 ordinem
1010 2945 1054 2999 rei
1081 2951 1173 3015 gestae
1198 2950 1229 3000 et
1253 2944 1436 3015 procedentis
1463 2947 1570 3000 seriem
1595 2948 1676 3014 facti,

476 3045 506 3089 ro.
514 3049 552 3090 112
560 3054 592 3090 va
624 3034 708 3103 (quot
728 3031 841 3086 seilicet
858 3029 1051 3084 tentationum
1069 3028 1263 3083 humanarum
1288 3029 1397 3100 pulsati
1424 3047 1526 3084 sumus
1554 3031 1676 3096 aculeis,

456 3118 520 3212 Res
528 3120 586 3163 lave
624 3122 695 3188 quot
706 3116 798 3171 illecti
813 3113 975 3177 blanditiis,
994 3113 1216 3184 terroribusque
1234 3113 1343 3179 afflicti,
1364 3113 1521 3184 insperatis
1541 3118 1678 3173 attentati

456 3183 598 3264 „affili’
623 3199 764 3263 consiliis,
791 3198 1011 3269 insurgentibus
1036 3197 1068 3251 in
1095 3214 1147 3252 nos
1173 3215 1241 3252 cum
1271 3198 1350 3253 clero
1381 3198 1469 3253 simul
1500 3198 1679 3269 quibusdam

456 3272 578 3374 mat?
622 3284 708 3355 regni
725 3282 938 3355 potestatibns;
959 3280 1104 3352 quomodo
1132 3281 1221 3337 etiam
1240 3282 1474 3354 possessionibus
1498 3283 1606 3338 nostris
1626 3302 1680 3356 per

455 3373 600 3465 ponentium
623 3369 735 3440 aliquot
747 3368 810 3423 dies
829 3366 947 3438 spoliati
966 3384 1077 3429 sumus,
1092 3371 1122 3420 et
1133 3366 1265 3437 pristinis
1278 3384 1335 3421 uon
1352 3366 1520 3432 restitutis,l
1537 3367 1679 3425 videlicet

456 3424 611 3518 ffflffss
623 3453 755 3508 ecclesiis
786 3458 816 3507 et
834 3451 953 3515 exeniis,
981 3450 1079 3506 ablate
1109 3457 1178 3505 sunt
1207 3449 1304 3522 nonu)
1323 3458 1479 3522 postquam
1510 3454 1677 3510 sanctitatis

455 3523 586 3619 ffirtfflffi
622 3545 728 3593 vestrae
746 3539 853 3592 litterae
881 3555 898 3590 a
923 3535 1039 3590 domino
1058 3535 1194 3590 Huberto
1222 3537 1439 3609 archiepiscopo
1464 3545 1564 3593 nostro
1591 3541 1677 3595 nobis
1690 3557 1736 3601 Nu
1786 3612 1790 3621 Ι

455 3625 532 3670 Rome.
624 3623 811 3677 afferentibus
837 3629 905 3675 sunt
933 3627 1084 3690 susceptae,
1114 3621 1204 3675 totins
1230 3639 1373 3675 summum
1399 3622 1509 3693 negotii
1535 3624 1677 3680 fratribus
1690 3620 1804 3654 cccrum

623 3707 741 3769 nostris,
762 3724 834 3777 quos
861 3723 913 3776 pro
941 3704 1042 3758 eudem
1062 3722 1150 3758 causa
1176 3703 1214 3758 ad
1239 3705 1400 3760 clementiae
1419 3714 1525 3760 vestrae
1549 3710 1679 3781 vestigia

623 3790 793 3853 direximus,
826 3790 879 3844 sub
907 3789 1005 3858 sigillo
1031 3796 1131 3843 nostro
1158 3790 1383 3845 transmisimus.
1424 3790 1569 3845 Universa
1599 3794 1678 3847 enim
1691 3811 1736 3856 NQ
1745 3814 1804 3858 muel.

621 3876 730 3930 litteris
749 3877 815 3930 istis
842 3877 972 3929 inserere
992 3875 1194 3938 sormidumuS,
1216 3875 1285 3945 quic
1303 3878 1359 3931 etsi
1378 3884 1477 3931 vestra
1501 3895 1553 3932 nus
1582 3878 1619 3931 ad
1646 3898 1677 3933 se

622 3961 712 4015 trahit
749 3960 925 4024 humanitas,
966 3966 1059 4014 terret
1100 3966 1198 4014 tamen
1242 3961 1331 4015 tantis
1368 3962 1496 4030 negotiis
1533 3970 1678 4032 occupatu

621 4045 771 4114 majestas.
819 4044 902 4111 Quod
935 4044 1028 4114 igitur
1063 4044 1161 4098 minus
1192 4045 1317 4115 epistole
1347 4047 1476 4100 continet
1512 4046 1677 4116 dignationi

621 4138 728 4185 vestras
741 4129 936 4199 suggerendo,
952 4132 1076 4183 l'retrum
1095 4136 1261 4184 nostrorum
1279 4147 1334 4183 von·
1353 4130 1421 4184 vivu
1439 4131 1547 4184 litteris
1566 4134 1677 4188 nostris

622 4214 736 4268 erudita
755 4213 910 4285 supplebit.
947 4212 984 4266 In
1002 4213 1058 4266 fine
1078 4213 1157 4267 istud
1177 4213 1341 4268 necessario
1360 4214 1495 4268 duximus
1521 4215 1678 4271 adnecten-

622 4299 701 4359 dum,
722 4298 799 4368 quod
818 4296 1036 4351 Cantuariensis
1056 4297 1179 4351 eeclesia
1197 4297 1276 4351 omui
1294 4298 1401 4351 auxilio
1421 4298 1560 4352 destitute
1579 4299 1676 4355 solum

622 4383 825 4437 Innocentium
856 4388 979 4452 patrem,
1012 4388 1041 4435 et
1076 4382 1167 4435 solum
1196 4389 1320 4436 matrem
1351 4382 1511 4437 Romanum
1541 4387 1678 4454 agnoscit

622 4469 784 4522 ecclesiam.
825 4465 1004 4520 Confidimus
1033 4471 1132 4519 autem
1154 4466 1189 4519 de
1214 4466 1296 4519 vobis
1325 4466 1356 4519 in
1375 4466 1508 4530 Domino,
1530 4468 1600 4538 quia
1618 4468 1677 4537 Qui

621 4552 710 4622 coepit
739 4569 810 4622 opus
841 4550 1004 4616 bonum'in
1033 4549 1126 4613 vobis,
1155 4548 1239 4618 juxta
1268 4549 1354 4604 Pauli
1391 4553 1572 4616 sententiam,
1606 4553 1678 4624 Ipse
1692 4571 1801 4617 Philtu

621 4637 752 4708 perficiet
770 4653 863 4706 usque
883 4635 913 4688 iu
932 4635 1028 4689 finem.

953 4865 959 4892 ¹
978 4861 1109 4925 restitutis]
1130 4859 1258 4923 institutis,
1271 4862 1328 4912 MS.
