4192 6392
630 1171 694 1234 126
909 1183 1081 1236 amaruan
1102 1185 1399 1251 osnmsamnsas,

467 1358 599 1404 All-11⁸&
628 1359 738 1415 domini
764 1353 854 1431 regis,
875 1366 905 1415 et
929 1360 1045 1417 clericis
1071 1361 1108 1416 de
1135 1362 1295 1417 Hakentun
1322 1360 1546 1432 quampluribus
1566 1367 1598 1416 et
1614 1360 1682 1416 aliis

462 1409 593 1525 dssmffl'
628 1443 739 1507 multis,
767 1444 936 1499 obtulerunt
961 1444 1046 1501 nobis
1073 1446 1204 1501 maneria
1229 1446 1336 1517 quibus
1364 1446 1480 1517 spoliati
1510 1462 1621 1510 sumus,
1649 1462 1685 1500 eo

461 1522 503 1567 ²¹¹⁰
511 1523 565 1576 Epi·
628 1528 714 1583 modo
731 1534 762 1583 et
779 1528 943 1584 conditione
962 1530 1096 1594 tenenda,
1111 1548 1170 1601 quo
1181 1547 1280 1586 coram
1298 1531 1416 1586 domiuo
1433 1547 1505 1601 rege
1517 1529 1684 1585 ordinatum

461 1573 613 1668 ffiffio
628 1613 724 1667 suerat
741 1612 772 1666 in
789 1612 977 1667 Nonnaunia.
1021 1614 1071 1669 Ad
1094 1613 1174 1685 quod
1196 1615 1303 1670 iratres
1328 1615 1436 1686 quibus
1453 1613 1684 1670 commendanda

460 1677 604 1770 &mm
628 1702 720 1760 erant,
733 1696 880 1752 Robertus
894 1697 1017 1752 sacrista
1034 1703 1065 1753 et
1078 1697 1189 1769 Symon
1200 1699 1378 1754 camararius
1397 1705 1428 1754 et
1445 1696 1598 1770 Rogems¹
1611 1698 1684 1753 olim

460 1776 541 1870 Ἀθ
560 1827 586 1872 ht
600 1780 838 1871 hthesaurarius,
858 1787 1024 1836 constanter
1048 1781 1219 1837 asserebant
1243 1782 1365 1853 singuli,
1395 1800 1427 1837 se
1455 1783 1624 1838 nullatenus
1651 1781 1684 1836 iu

461 1875 508 1970 {113
510 1838 580 1972 1253„
580 1840 616 1974 θοὰ
626 1864 683 1919 hoc
701 1865 864 2004 conligatire
887 1866 977 1920 etiam
996 1866 1022 1920 si
1040 1867 1132 1921 vellet
1148 1871 1319 1922 conventus.
1364 1865 1499 1922 Inhibuit
1515 1866 1616 1938 itaque
1634 1863 1685 1920 do-

626 1949 977 2003 minusi'i'
1517 1949 1684 2003 ''e

461 1989 574 2085 1111ιῖ1ξῖ-
627 2033 693 2103 quis
711 1966 850 2088 nostrrlilrs
862 1949 1683 2106 εοζὲῗέἰέᾱὲξθὲτῃξὲἓὲωᾝᾙὶοὲᾛὲῗῷζί.

461 2091 602 2192 ffifffl
626 2117 671 2172 Ex
688 2123 771 2188 parte
783 2117 915 2188 ejusdem
934 2123 965 2173 et
976 2117 1087 2173 domini
1105 2119 1186 2190 regis
1204 2118 1344 2190 pracepit
1359 2116 1683 2180 thesaurumscclesiae

460 2190 616 2286 ffifflffi
627 2201 684 2256 sibi
702 2203 825 2266 ostendi,
845 2208 876 2258 et
893 2202 1027 2273 sigillum
1044 2208 1179 2258 nostrum
1202 2203 1246 2258 eis
1269 2201 1356 2258 tradi.
1402 2201 1474 2271 Quae
1497 2219 1565 2257 cum
1587 2201 1685 2256 omnia

460 2293 595 2346 aquitane
622 2303 720 2356 nsque
738 2286 776 2341 ad
793 2286 950 2341 adventum
974 2287 1066 2358 regis,
1088 2292 1123 2341 ut
1148 2285 1309 2349 dicebatur,
1338 2286 1370 2341 in
1394 2286 1527 2357 proximo
1551 2285 1682 2350 venturi,

485 2360 584 2404 ΜΕ
625 2375 792 2440 peteremus
810 2369 932 2435 differri,
952 2370 1050 2442 ipsum
1074 2369 1213 2436 audituri,
1234 2376 1265 2426 et
1287 2387 1342 2442 pro
1365 2387 1400 2424 eo
1422 2368 1565 2441 quicquid
1582 2385 1683 2440 posse·

460 2425 607 2522 mig„
626 2470 692 2508 mus
711 2471 800 2524 super
816 2453 864 2508 bis
883 2458 913 2509 et
930 2454 996 2509 aliis
1015 2472 1083 2509 cum
1101 2454 1165 2510 Deo
1183 2455 1299 2519 facturi,
1318 2459 1457 2509 exeuntes
1475 2453 1586 2509 milites
1604 2453 1685 2509 sicut

459 2531 609 2623 ww
627 2537 670 2593 eis
685 2538 803 2609 jussum
822 2539 926 2602 luerat,
946 2538 1148 2610 possessiones
1167 2556 1267 2594 omnes
1286 2557 1351 2610 quae
1366 2537 1451 2593 nobis
1469 2537 1581 2593 relictae
1598 2543 1685 2594 eraut

460 2641 493 2672 un
523 2630 596 2680 racd.
626 2623 806 2686 invaserunt,
827 2629 858 2678 et
875 2623 988 2678 curiam
1004 2629 1136 2679 nostram
1148 2640 1290 2694 occupare
1308 2623 1439 2678 volentes
1457 2626 1488 2677 et
1505 2622 1681 2693 irrumpere,

459 2680 611 2776 (wlff
627 2707 763 2763 dicebant
774 2725 806 2763 se
824 2725 860 2762 ex
877 2713 960 2778 parte
978 2707 1089 2762 domini
1106 2708 1188 2779 regis
1203 2713 1234 2762 et
1245 2706 1355 2763 domini
1367 2706 1580 2777 archiepiscopi
1592 2706 1684 2763 desu-

459 2781 536 2826 'm
626 2797 720 2856 natos,
734 2798 768 2847 ut
779 2791 934 2846 conventui
951 2791 1118 2847 necessaria
1129 2791 1302 2854 invenirent,
1317 2797 1348 2846 et
1363 2791 1531 2862 hospitibus
1543 2789 1684 2847 similiter

459 2838 612 2935 {mmm
627 2877 810 2942 necessaria;
843 2876 896 2931 sed
921 2893 980 2930 nou
1006 2883 1076 2933 sunt
1104 2875 1235 2931 admissi.
1284 2875 1322 2930 In
1351 2875 1479 2931 crastino
1505 2891 1585 2940 vero,
1614 2892 1683 2948 quae

460 2941 609 3038 Qlssftho
627 2962 759 3026 iecerint,
780 2978 846 3032 quae
863 2959 960 3016 edicta
979 2960 1134 3025 ediderint,
1157 2965 1187 3014 et
1205 2963 1328 3031 quantas
1346 2957 1585 3015 comminationes
1611 2959 1684 3014 emi-

460 3047 598 3098 mmmrr·
628 3047 729 3111 serint,
759 3063 832 3117 quas
861 3063 919 3100 non
941 3046 1033 3101 verba
1062 3051 1093 3100 et
1116 3061 1204 3099 voces
1233 3061 1299 3098 ease
1329 3043 1415 3099 factis
1444 3043 1681 3114 comprobarunt,

460 3106 576 3211 ming
628 3131 749 3201 longum
774 3134 853 3185 esset
879 3147 1014 3184 enarrare
1039 3134 1071 3184 et
1096 3133 1190 3199 turpe.
1228 3127 1424 3182 Praesentium
1452 3127 1561 3183 latores
1584 3127 1685 3182 omnia

460 3206 594 3311 ffiffi·
628 3215 712 3270 vobis
740 3214 857 3286 plenius
874 3220 985 3269 norunt
1002 3219 1033 3268 et
1050 3218 1188 3284 poterunt
1205 3228 1352 3276 enarrare,
1372 3215 1402 3266 et
1418 3228 1471 3266 vos
1492 3228 1528 3266 ea
1549 3211 1683 3267 seriatim

460 3358 586 3461 ξωᾞζζξθᾱ
627 3389 761 3455 prompto
791 3383 894 3448 simus,
914 3383 1048 3454 quamvis
1067 3399 1153 3437 carne
1171 3380 1292 3435 debiles.
1327 3379 1429 3435 Vitam
1446 3385 1575 3437 vestram
1598 3378 1682 3436 Deus

459 3461 599 3556 ssffig,
626 3468 710 3523 nobis
729 3474 890 3523 conservet.

478 3655 599 3762 affige..
668 3649 761 3706 CLII.
799 3650 933 3704 Onnraos
952 3665 1036 3704 runs
1056 3649 1285 3705 Cmuommnsrs
1304 3663 1442 3704 accurare
1461 3649 1640 3706 Conversus.

461 3798 616 3843 rhemens
665 3778 806 3834 Omnibus
825 3785 932 3833 sanctae
951 3779 1171 3834 cantuariensis
1195 3777 1326 3833 ecclcsiae
1350 3778 1429 3844 filiis,
1450 3779 1529 3834 servi
1547 3779 1680 3850 ejusdem

460 3851 605 3944 {flffiffl
629 3863 685 3918 loci
704 3864 885 3918 miserabiles
904 3868 935 3917 et
952 3863 1062 3927 afflicti,
1083 3863 1208 3918 salutern
1228 3869 1258 3917 et
1276 3863 1322 3918 sui
1340 3864 1518 3920 meminisse.
1555 3863 1681 3918 Univer-

460 3951 610 4045 {otpltercede
629 3948 724 4002 sitatis
742 3953 848 4002 vestras
867 3947 992 4016 genibus
1011 3947 1143 4002 obvoluti
1162 3948 1272 4018 gratias
1284 3947 1401 4018 agimus
1420 3966 1508 4019 super
1526 3947 1682 4004 devotione

461 4014 549 4095 gumi,
558 4052 584 4096 01
629 4050 716 4102 quam
746 4032 824 4086 circa
852 4038 986 4095 matrem,
1017 4031 1119 4085 morbo
1156 4031 1285 4102 graviori
1320 4030 1509 4097 laborantem,
1540 4032 1682 4087 haetenus

460 4103 612 4157 ⁰³¹wa
627 4115 780 4170 habuistis.
828 4115 1039 4170 Verumtamen
1064 4115 1134 4186 quia
1153 4115 1216 4185 jam
1236 4115 1342 4185 spiritu
1366 4116 1397 4170 in
1423 4123 1541 4187 pectore
1567 4121 1682 4172 tantum

627 4200 787 4271 palpitante
812 4199 895 4270 quasi
920 4199 951 4254 in
978 4201 1117 4254 extremis
1142 4199 1239 4269 posita
1264 4205 1318 4264 est,
1345 4218 1403 4255 non
1429 4201 1488 4255 nisi
1514 4206 1682 4271 respectum

628 4286 731 4356 gratiae
765 4285 892 4354 desuper
928 4290 1092 4354 expectans,
1123 4282 1258 4339 obnixius
1296 4284 1505 4355 supplicamus,
1536 4290 1683 4355 quatenus

628 4375 736 4441 quanto
765 4368 862 4423 acrius
887 4367 1026 4422 infestata
1053 4372 1099 4422 est
1128 4371 1158 4421 et
1187 4367 1275 4422 morti
1304 4369 1444 4438 proxima,
1474 4374 1554 4424 tanto
1584 4368 1682 4439 magis

626 4453 799 4510 necessariis
817 4452 986 4507 insistentes
1005 4450 1164 4522 suffragiis,
1185 4450 1248 4522 pias
1272 4451 1417 4523 lacrymas
1435 4451 1608 4525 propensius
1626 4453 1683 4506 im-

626 4539 770 4609 pendatis,
789 4543 824 4592 ut
842 4536 979 4608 precibus
997 4535 1106 4591 vestris
1129 4541 1265 4591 exoratus
1290 4535 1443 4601 Dominus,
1464 4536 1490 4592 si
1513 4535 1683 4591 dissimulat

626 4631 745 4694 propter
762 4626 881 4692 peccata
897 4626 1006 4684 nostra,
1026 4618 1163 4675 exaudiat
1184 4623 1304 4692 propter
1327 4620 1521 4676 reverentiam
1538 4625 1680 4685 vestram,

627 4713 657 4761 et
675 4708 699 4761 si
719 4725 776 4761 non
794 4705 831 4760 ad
848 4706 1038 4768 voluntatem,
1059 4704 1162 4759 saltem
1180 4704 1218 4758 ad
1246 4703 1379 4760 salutem.
1417 4703 1487 4774 Qum
1507 4705 1585 4759 enim
1603 4704 1683 4759 mala

625 4792 753 4862 patiatur
770 4809 828 4845 non
842 4788 902 4859 jam
920 4789 1006 4843 facilc
1033 4792 1087 4851 est,
1108 4786 1160 4842 eod
1188 4788 1295 4858 quibus
1321 4790 1465 4860 angustiis
1492 4808 1550 4844 non
1574 4807 1683 4860 angus·

625 4877 716 4932 tiatur
734 4891 870 4929 enarrare
888 4872 1015 4927 difficile.
1053 4871 1171 4926 Valete.

971 5105 979 5135 ¹
996 5103 1120 5171 Repertis]
1139 5105 1272 5167 Robertus,
1283 5102 1341 5155 MS.

510 3313 541 3360 10,
549 3311 590 3354 the
627 3317 663 3354 ex
680 3299 823 3370 rescripto
842 3299 953 3353 domini
970 3315 1054 3370 papae
1065 3296 1189 3369 potestis
1200 3294 1391 3367 perpendere.
1428 3294 1542 3366 Spiritu
1560 3294 1682 3366 quidem
1695 3297 1757 3394 §m
1728 3297 1800 3396 1⁸2}
