<?xml version="1.0" encoding="UTF-8"?>
<!DOCTYPE html PUBLIC "-//W3C//DTD XHTML 1.0 Transitional//EN"
    "http://www.w3.org/TR/xhtml1/DTD/xhtml1-transitional.dtd">
<html xmlns="http://www.w3.org/1999/xhtml" xml:lang="en" lang="en">
 <head>
  <title>
</title>
<meta http-equiv="Content-Type" content="text/html;charset=utf-8" />
  <meta name='ocr-system' content='tesseract 3.04.00' />
  <meta name='ocr-capabilities' content='ocr_page ocr_carea ocr_par ocr_line ocrx_word'/>
</head>
<body>
  <div class='ocr_page' id='page_1' title='image "./epistolaecantua00stubgoog_0718.png"; bbox 0 0 4192 6392; ppageno 0'>
   <div class='ocr_carea' id='block_1_1' title="bbox 645 1163 1411 1231">
    <p class='ocr_par' dir='ltr' id='par_1_1' title="bbox 645 1163 1411 1231">
     <span class='ocr_line' id='line_1_1' title="bbox 645 1163 1411 1231; baseline -0.008 -5"><span class='ocrx_word' id='word_1_1' title='bbox 645 1163 710 1228; x_wconf 84' lang='grc'>516</span> <span class='ocrx_word' id='word_1_2' title='bbox 927 1171 1100 1222; x_wconf 69' lang='lat' dir='ltr'>semrom</span> <span class='ocrx_word' id='word_1_3' title='bbox 1121 1169 1411 1231; x_wconf 72' lang='lat' dir='ltr'>csnwsmmsss,</span> 
     </span>
    </p>
   </div>
   <div class='ocr_carea' id='block_1_2' title="bbox 478 1343 1806 4523">
    <p class='ocr_par' dir='ltr' id='par_1_2' title="bbox 478 1343 1712 3179">
     <span class='ocr_line' id='line_1_2' title="bbox 493 1343 1711 1420; baseline -0.003 -16"><span class='ocrx_word' id='word_1_4' title='bbox 493 1359 616 1404; x_wconf 63' lang='lat' dir='ltr'>aalma</span> <span class='ocrx_word' id='word_1_5' title='bbox 646 1348 754 1420; x_wconf 90' lang='lat' dir='ltr'>scopis,</span> <span class='ocrx_word' id='word_1_6' title='bbox 775 1351 806 1403; x_wconf 90' lang='lat' dir='ltr'>et</span> <span class='ocrx_word' id='word_1_7' title='bbox 832 1344 967 1402; x_wconf 72' lang='lat' dir='ltr'>samsoni</span> <span class='ocrx_word' id='word_1_8' title='bbox 987 1345 1086 1401; x_wconf 88' lang='lat' dir='ltr'>abbati</span> <span class='ocrx_word' id='word_1_9' title='bbox 1105 1343 1206 1401; x_wconf 86' lang='lat' dir='ltr'>Sancti</span> <span class='ocrx_word' id='word_1_10' title='bbox 1216 1343 1414 1410; x_wconf 75' lang='lat' dir='ltr'>vAEadmuu&#39;di,</span> <span class='ocrx_word' id='word_1_11' title='bbox 1431 1345 1536 1400; x_wconf 81' lang='lat' dir='ltr'>vestra</span> <span class='ocrx_word' id='word_1_12' title='bbox 1558 1344 1711 1400; x_wconf 78' lang='lat' dir='ltr'>sanctitas</span> 
     </span>
     <span class='ocr_line' id='line_1_3' title="bbox 504 1410 1711 1505; baseline -0.003 -18"><span class='ocrx_word' id='word_1_13' title='bbox 504 1410 605 1505; x_wconf 51' lang='grc' dir='ltr'>ῃὲῗῗι</span> <span class='ocrx_word' id='word_1_14' title='bbox 647 1433 832 1503; x_wconf 86' lang='lat' dir='ltr'>delegasset;</span> <span class='ocrx_word' id='word_1_15' title='bbox 851 1448 905 1486; x_wconf 89' lang='lat' dir='ltr'>nos</span> <span class='ocrx_word' id='word_1_16' title='bbox 923 1448 942 1485; x_wconf 88' lang='lat' dir='ltr'>a</span> <span class='ocrx_word' id='word_1_17' title='bbox 959 1429 1083 1485; x_wconf 74' lang='lat' dir='ltr'><strong>claustri</strong></span> <span class='ocrx_word' id='word_1_18' title='bbox 1099 1429 1221 1485; x_wconf 84' lang='lat' dir='ltr'>silentio</span> <span class='ocrx_word' id='word_1_19' title='bbox 1233 1429 1391 1501; x_wconf 88' lang='lat' dir='ltr'>simplices·</span> <span class='ocrx_word' id='word_1_20' title='bbox 1401 1433 1432 1485; x_wconf 89' lang='lat' dir='ltr'>et</span> <span class='ocrx_word' id='word_1_21' title='bbox 1442 1428 1531 1501; x_wconf 86' lang='lat' dir='ltr'>juris</span> <span class='ocrx_word' id='word_1_22' title='bbox 1543 1428 1649 1500; x_wconf 76' lang='lat' dir='ltr'>ignaui</span> <span class='ocrx_word' id='word_1_23' title='bbox 1660 1464 1662 1468; x_wconf 56' lang='lat'>=</span> <span class='ocrx_word' id='word_1_24' title='bbox 1673 1427 1711 1483; x_wconf 92' lang='lat' dir='ltr'>ad</span> 
     </span>
     <span class='ocr_line' id='line_1_4' title="bbox 478 1512 1712 1586; baseline 0.002 -20"><span class='ocrx_word' id='word_1_25' title='bbox 478 1523 597 1567; x_wconf 68' lang='lat' dir='ltr'>attacus</span> <span class='ocrx_word' id='word_1_26' title='bbox 646 1516 730 1572; x_wconf 90' lang='lat' dir='ltr'>litem</span> <span class='ocrx_word' id='word_1_27' title='bbox 747 1514 878 1580; x_wconf 77' lang='lat' dir='ltr'>euocati,¹</span> <span class='ocrx_word' id='word_1_28' title='bbox 890 1530 981 1586; x_wconf 81' lang='lat' dir='ltr'>grave</span> <span class='ocrx_word' id='word_1_29' title='bbox 998 1513 1113 1584; x_wconf 91' lang='lat' dir='ltr'>pondus</span> <span class='ocrx_word' id='word_1_30' title='bbox 1131 1513 1203 1568; x_wconf 88' lang='lat' dir='ltr'>belli</span> <span class='ocrx_word' id='word_1_31' title='bbox 1219 1513 1431 1570; x_wconf 87' lang='lat' dir='ltr'>imbecilleset</span> <span class='ocrx_word' id='word_1_32' title='bbox 1447 1513 1535 1568; x_wconf 84' lang='lat' dir='ltr'>inviti</span> <span class='ocrx_word' id='word_1_33' title='bbox 1561 1512 1627 1568; x_wconf 74' lang='lat' dir='ltr'>diu&#39;</span> <span class='ocrx_word' id='word_1_34' title='bbox 1646 1530 1712 1568; x_wconf 85' lang='lat' dir='ltr'>sus·</span> 
     </span>
     <span class='ocr_line' id='line_1_5' title="bbox 479 1585 1711 1682; baseline -0.003 -26"><span class='ocrx_word' id='word_1_35' title='bbox 479 1585 602 1682; x_wconf 47' lang='grc' dir='ltr'>ἴων</span> <span class='ocrx_word' id='word_1_36' title='bbox 646 1601 798 1656; x_wconf 76' lang='lat' dir='ltr'><strong>tinuimus.</strong></span> <span class='ocrx_word' id='word_1_37' title='bbox 834 1599 948 1655; x_wconf 89' lang='lat' dir='ltr'>Verum</span> <span class='ocrx_word' id='word_1_38' title='bbox 960 1598 1030 1668; x_wconf 89' lang='lat' dir='ltr'>quia</span> <span class='ocrx_word' id='word_1_39' title='bbox 1042 1614 1154 1669; x_wconf 87' lang='lat' dir='ltr'>paoem,</span> <span class='ocrx_word' id='word_1_40' title='bbox 1169 1600 1287 1668; x_wconf 76' lang='lat' dir='ltr'>quam‘a</span> <span class='ocrx_word' id='word_1_41' title='bbox 1299 1597 1400 1653; x_wconf 72' lang='lat' dir='ltr'>saculi</span> <span class='ocrx_word' id='word_1_42' title='bbox 1411 1596 1542 1653; x_wconf 76' lang='lat' dir='ltr'>tumultu</span> <span class='ocrx_word' id='word_1_43' title='bbox 1555 1597 1711 1668; x_wconf 74' lang='lat' dir='ltr'>fugientes</span> 
     </span>
     <span class='ocr_line' id='line_1_6' title="bbox 602 1667 1710 1757; baseline -0.004 -16"><span class='ocrx_word' id='word_1_44' title='bbox 602 1667 610 1682; x_wconf 61' lang='lat'>⁸</span> <span class='ocrx_word' id='word_1_45' title='bbox 647 1685 848 1757; x_wconf 77' lang='lat' dir='ltr'>quesivimus,</span> <span class='ocrx_word' id='word_1_46' title='bbox 869 1699 959 1753; x_wconf 87' lang='lat' dir='ltr'>super</span> <span class='ocrx_word' id='word_1_47' title='bbox 976 1681 1302 1746; x_wconf 81' lang='lat' dir='ltr'>omniaaffeetarimus,</span> <span class='ocrx_word' id='word_1_48' title='bbox 1319 1680 1402 1752; x_wconf 85' lang='lat' dir='ltr'>juxta</span> <span class='ocrx_word' id='word_1_49' title='bbox 1419 1680 1586 1737; x_wconf 88' lang='lat' dir='ltr'>sanctitatis</span> <span class='ocrx_word' id='word_1_50' title='bbox 1599 1688 1710 1737; x_wconf 68' lang='lat' dir='ltr'>vem</span> 
     </span>
     <span class='ocr_line' id='line_1_7' title="bbox 646 1764 1710 1837; baseline -0.006 -12"><span class='ocrx_word' id='word_1_51' title='bbox 646 1768 817 1825; x_wconf 88' lang='lat' dir='ltr'>mandatum</span> <span class='ocrx_word' id='word_1_52' title='bbox 835 1784 903 1822; x_wconf 91' lang='lat' dir='ltr'>oum</span> <span class='ocrx_word' id='word_1_53' title='bbox 922 1766 1002 1820; x_wconf 91' lang='lat' dir='ltr'>omni</span> <span class='ocrx_word' id='word_1_54' title='bbox 1020 1764 1260 1837; x_wconf 80' lang='lat' dir='ltr'>diligentiaque</span> <span class='ocrx_word' id='word_1_55' title='bbox 1287 1766 1369 1837; x_wconf 88' lang='lat' dir='ltr'>pacis</span> <span class='ocrx_word' id='word_1_56' title='bbox 1394 1770 1463 1821; x_wconf 90' lang='lat' dir='ltr'>sunt</span> <span class='ocrx_word' id='word_1_57' title='bbox 1476 1782 1610 1836; x_wconf 85' lang='lat' dir='ltr'>semper</span> <span class='ocrx_word' id='word_1_58' title='bbox 1629 1782 1710 1836; x_wconf 72' lang='lat' dir='ltr'>quus·</span> 
     </span>
     <span class='ocr_line' id='line_1_8' title="bbox 648 1847 1709 1920; baseline -0.005 -12"><span class='ocrx_word' id='word_1_59' title='bbox 648 1853 783 1916; x_wconf 76' lang='lat' dir='ltr'>sivimus,</span> <span class='ocrx_word' id='word_1_60' title='bbox 802 1855 972 1905; x_wconf 70' lang='lat' dir='ltr'>neo‘tamen</span> <span class='ocrx_word' id='word_1_61' title='bbox 989 1849 1177 1920; x_wconf 74' lang='lat' dir='ltr'>profecimus,</span> <span class='ocrx_word' id='word_1_62' title='bbox 1191 1848 1263 1903; x_wconf 90' lang='lat' dir='ltr'>licet</span> <span class='ocrx_word' id='word_1_63' title='bbox 1279 1849 1318 1903; x_wconf 90' lang='lat' dir='ltr'>ad</span> <span class='ocrx_word' id='word_1_64' title='bbox 1334 1848 1390 1903; x_wconf 90' lang='lat' dir='ltr'>hoo</span> <span class='ocrx_word' id='word_1_65' title='bbox 1408 1865 1527 1920; x_wconf 90' lang='lat' dir='ltr'>quoque</span> <span class='ocrx_word' id='word_1_66' title='bbox 1545 1847 1637 1904; x_wconf 88' lang='lat' dir='ltr'>multi</span> <span class='ocrx_word' id='word_1_67' title='bbox 1648 1847 1709 1903; x_wconf 80' lang='lat' dir='ltr'>riri</span> 
     </span>
     <span class='ocr_line' id='line_1_9' title="bbox 649 1931 1706 2005; baseline -0.003 -16"><span class='ocrx_word' id='word_1_68' title='bbox 649 1940 679 1989; x_wconf 87' lang='lat' dir='ltr'>et</span> <span class='ocrx_word' id='word_1_69' title='bbox 700 1933 811 2005; x_wconf 90' lang='lat' dir='ltr'>magni,</span> <span class='ocrx_word' id='word_1_70' title='bbox 834 1938 895 1988; x_wconf 84' lang='lat' dir='ltr'>tam</span> <span class='ocrx_word' id='word_1_71' title='bbox 914 1933 1071 1989; x_wconf 74' lang='lat' dir='ltr'>saculares</span> <span class='ocrx_word' id='word_1_72' title='bbox 1090 1934 1185 2003; x_wconf 88' lang='lat' dir='ltr'>quam</span> <span class='ocrx_word' id='word_1_73' title='bbox 1195 1931 1340 2002; x_wconf 87' lang='lat' dir='ltr'>religiosi,</span> <span class='ocrx_word' id='word_1_74' title='bbox 1359 1932 1444 1987; x_wconf 87' lang='lat' dir='ltr'>nobis</span> <span class='ocrx_word' id='word_1_75' title='bbox 1469 1931 1706 1996; x_wconf 87' lang='lat' dir='ltr'>collaborarent;</span> 
     </span>
     <span class='ocr_line' id='line_1_10' title="bbox 649 2014 1708 2090; baseline -0.003 -16"><span class='ocrx_word' id='word_1_76' title='bbox 649 2036 738 2090; x_wconf 87' lang='lat' dir='ltr'>quam</span> <span class='ocrx_word' id='word_1_77' title='bbox 767 2023 880 2073; x_wconf 83' lang='lat' dir='ltr'>tamen:</span> <span class='ocrx_word' id='word_1_78' title='bbox 895 2016 1133 2088; x_wconf 80' lang='lat' dir='ltr'>nouimpedivit</span> <span class='ocrx_word' id='word_1_79' title='bbox 1161 2016 1291 2089; x_wconf 83' lang='lat' dir='ltr'>partium</span> <span class='ocrx_word' id='word_1_80' title='bbox 1315 2017 1466 2072; x_wconf 86' lang='lat' dir='ltr'>obstinata</span> <span class='ocrx_word' id='word_1_81' title='bbox 1483 2016 1634 2080; x_wconf 82' lang='lat' dir='ltr'>voluntas,</span> <span class='ocrx_word' id='word_1_82' title='bbox 1655 2014 1708 2071; x_wconf 89' lang='lat' dir='ltr'>sed</span> 
     </span>
     <span class='ocr_line' id='line_1_11' title="bbox 649 2099 1707 2173; baseline -0.003 -16"><span class='ocrx_word' id='word_1_83' title='bbox 649 2103 730 2158; x_wconf 85' lang='lat' dir='ltr'>zelus</span> <span class='ocrx_word' id='word_1_84' title='bbox 749 2099 891 2173; x_wconf 69' lang='lat' dir='ltr'>&#39;justitia</span> <span class='ocrx_word' id='word_1_85' title='bbox 923 2119 1013 2173; x_wconf 86' lang='lat' dir='ltr'>qnam</span> <span class='ocrx_word' id='word_1_86' title='bbox 1042 2101 1326 2172; x_wconf 34' lang='lat' dir='ltr'>almissimam</span> <span class='ocrx_word' id='word_1_87' title='bbox 1363 2117 1408 2156; x_wconf 87' lang='lat' dir='ltr'>se·</span> <span class='ocrx_word' id='word_1_88' title='bbox 1424 2101 1525 2156; x_wconf 80' lang='lat' dir='ltr'>fovere</span> <span class='ocrx_word' id='word_1_89' title='bbox 1553 2099 1707 2155; x_wconf 84' lang='lat' dir='ltr'>credebat.</span> 
     </span>
     <span class='ocr_line' id='line_1_12' title="bbox 649 2183 1707 2256; baseline -0.003 -16"><span class='ocrx_word' id='word_1_90' title='bbox 649 2185 793 2241; x_wconf 89' lang='lat' dir='ltr'>Dominus</span> <span class='ocrx_word' id='word_1_91' title='bbox 812 2186 890 2240; x_wconf 88' lang='lat' dir='ltr'>enim</span> <span class='ocrx_word' id='word_1_92' title='bbox 908 2193 1008 2241; x_wconf 86' lang='lat' dir='ltr'>noster</span> <span class='ocrx_word' id='word_1_93' title='bbox 1026 2185 1283 2256; x_wconf 75' lang='lat' dir='ltr'>archiepiscopus,</span> <span class='ocrx_word' id='word_1_94' title='bbox 1295 2184 1458 2256; x_wconf 71' lang='lat' dir='ltr'>diligenter</span> <span class='ocrx_word' id='word_1_95' title='bbox 1476 2184 1584 2255; x_wconf 80' lang='lat' dir='ltr'>exequi</span> <span class='ocrx_word' id='word_1_96' title='bbox 1602 2183 1707 2240; x_wconf 84' lang='lat' dir='ltr'>volens</span> 
     </span>
     <span class='ocr_line' id='line_1_13' title="bbox 650 2267 1708 2340; baseline -0.003 -16"><span class='ocrx_word' id='word_1_97' title='bbox 650 2269 729 2340; x_wconf 90' lang='lat' dir='ltr'>quod</span> <span class='ocrx_word' id='word_1_98' title='bbox 758 2269 795 2325; x_wconf 88' lang='lat' dir='ltr'>ad</span> <span class='ocrx_word' id='word_1_99' title='bbox 823 2269 963 2324; x_wconf 83' lang='lat' dir='ltr'>honorem</span> <span class='ocrx_word' id='word_1_100' title='bbox 988 2269 1142 2324; x_wconf 89' lang='lat' dir='ltr'>beatorum</span> <span class='ocrx_word' id='word_1_101' title='bbox 1155 2275 1332 2339; x_wconf 83' lang='lat' dir='ltr'>martyrum</span> <span class='ocrx_word' id='word_1_102' title='bbox 1360 2268 1501 2340; x_wconf 76' lang='lat' dir='ltr'>Stephani</span> <span class='ocrx_word' id='word_1_103' title='bbox 1529 2273 1561 2324; x_wconf 90' lang='lat' dir='ltr'>et</span> <span class='ocrx_word' id='word_1_104' title='bbox 1584 2267 1708 2323; x_wconf 79' lang='lat' dir='ltr'>Thomas</span> 
     </span>
     <span class='ocr_line' id='line_1_14' title="bbox 650 2351 1708 2424; baseline -0.003 -16"><span class='ocrx_word' id='word_1_105' title='bbox 650 2354 746 2408; x_wconf 86' lang='lat' dir='ltr'>lacere</span> <span class='ocrx_word' id='word_1_106' title='bbox 765 2353 960 2424; x_wconf 80' lang='lat' dir='ltr'>disposuerat,</span> <span class='ocrx_word' id='word_1_107' title='bbox 973 2371 1027 2408; x_wconf 90' lang='lat' dir='ltr'>nec</span> <span class='ocrx_word' id='word_1_108' title='bbox 1046 2352 1119 2408; x_wconf 89' lang='lat' dir='ltr'>satis</span> <span class='ocrx_word' id='word_1_109' title='bbox 1137 2352 1320 2424; x_wconf 87' lang='lat' dir='ltr'>perpendens</span> <span class='ocrx_word' id='word_1_110' title='bbox 1338 2351 1508 2408; x_wconf 86' lang='lat' dir='ltr'>scandalum</span> <span class='ocrx_word' id='word_1_111' title='bbox 1526 2351 1708 2423; x_wconf 88' lang='lat' dir='ltr'>pusillorum</span> 
     </span>
     <span class='ocr_line' id='line_1_15' title="bbox 650 2433 1709 2508; baseline -0.003 -16"><span class='ocrx_word' id='word_1_112' title='bbox 650 2438 729 2508; x_wconf 91' lang='lat' dir='ltr'>quod</span> <span class='ocrx_word' id='word_1_113' title='bbox 747 2437 814 2492; x_wconf 91' lang='lat' dir='ltr'>inde</span> <span class='ocrx_word' id='word_1_114' title='bbox 841 2437 1251 2508; x_wconf 79' lang='lat' dir='ltr'>imminebatgratissimum</span> <span class='ocrx_word' id='word_1_115' title='bbox 1277 2437 1309 2491; x_wconf 91' lang='lat' dir='ltr'>in</span> <span class='ocrx_word' id='word_1_116' title='bbox 1334 2436 1391 2492; x_wconf 86' lang='lat' dir='ltr'>hoc</span> <span class='ocrx_word' id='word_1_117' title='bbox 1415 2455 1447 2492; x_wconf 91' lang='lat' dir='ltr'>se</span> <span class='ocrx_word' id='word_1_118' title='bbox 1473 2433 1709 2508; x_wconf 49' lang='lat' dir='ltr'>praestare&#39;Deo</span> 
     </span>
     <span class='ocr_line' id='line_1_16' title="bbox 649 2519 1708 2593; baseline -0.003 -17"><span class='ocrx_word' id='word_1_119' title='bbox 649 2522 775 2576; x_wconf 85' lang='lat' dir='ltr'>fortasse</span> <span class='ocrx_word' id='word_1_120' title='bbox 794 2521 987 2593; x_wconf 70' lang='lat' dir='ltr'>obsequium</span> <span class='ocrx_word' id='word_1_121' title='bbox 1011 2538 1065 2575; x_wconf 91' lang='lat' dir='ltr'>nos</span> <span class='ocrx_word' id='word_1_122' title='bbox 1084 2524 1191 2585; x_wconf 89' lang='lat' dir='ltr'>autem,</span> <span class='ocrx_word' id='word_1_123' title='bbox 1211 2525 1318 2591; x_wconf 76' lang='lat' dir='ltr'>prater</span> <span class='ocrx_word' id='word_1_124' title='bbox 1331 2520 1500 2575; x_wconf 84' lang='lat' dir='ltr'>scandalum</span> <span class='ocrx_word' id='word_1_125' title='bbox 1518 2519 1708 2574; x_wconf 85' lang='lat' dir='ltr'>infirmorum</span> 
     </span>
     <span class='ocr_line' id='line_1_17' title="bbox 651 2602 1707 2675; baseline -0.002 -16"><span class='ocrx_word' id='word_1_126' title='bbox 651 2605 730 2675; x_wconf 89' lang='lat' dir='ltr'>quod</span> <span class='ocrx_word' id='word_1_127' title='bbox 748 2605 920 2659; x_wconf 88' lang='lat' dir='ltr'>imminebat</span> <span class='ocrx_word' id='word_1_128' title='bbox 936 2606 968 2659; x_wconf 89' lang='lat' dir='ltr'>in</span> <span class='ocrx_word' id='word_1_129' title='bbox 985 2603 1135 2675; x_wconf 80' lang='lat' dir='ltr'>praedictae</span> <span class='ocrx_word' id='word_1_130' title='bbox 1155 2604 1287 2659; x_wconf 77' lang='lat' dir='ltr'>ecclesia</span> <span class='ocrx_word' id='word_1_131' title='bbox 1305 2605 1459 2669; x_wconf 80' lang='lat' dir='ltr'>erectione,</span> <span class='ocrx_word' id='word_1_132' title='bbox 1481 2602 1707 2661; x_wconf 70' lang='lat' dir='ltr'>cantuariensis</span> 
     </span>
     <span class='ocr_line' id='line_1_18' title="bbox 651 2687 1708 2759; baseline -0.002 -17"><span class='ocrx_word' id='word_1_133' title='bbox 651 2689 784 2743; x_wconf 75' lang='lat' dir='ltr'>ecclesius</span> <span class='ocrx_word' id='word_1_134' title='bbox 801 2688 918 2743; x_wconf 88' lang='lat' dir='ltr'>ruinam</span> <span class='ocrx_word' id='word_1_135' title='bbox 935 2687 1136 2743; x_wconf 77' lang='lat' dir='ltr'>indubitanter</span> <span class='ocrx_word' id='word_1_136' title='bbox 1153 2687 1358 2759; x_wconf 78' lang='lat' dir='ltr'>praevidentes,</span> <span class='ocrx_word' id='word_1_137' title='bbox 1378 2688 1587 2759; x_wconf 83' lang='lat' dir='ltr'>praeelegimns</span> <span class='ocrx_word' id='word_1_138' title='bbox 1606 2687 1708 2759; x_wconf 90' lang='lat' dir='ltr'>potins</span> 
     </span>
     <span class='ocr_line' id='line_1_19' title="bbox 651 2770 1708 2843; baseline -0.001 -18"><span class='ocrx_word' id='word_1_139' title='bbox 651 2789 705 2842; x_wconf 90' lang='lat' dir='ltr'>pro</span> <span class='ocrx_word' id='word_1_140' title='bbox 731 2772 834 2826; x_wconf 88' lang='lat' dir='ltr'>matris</span> <span class='ocrx_word' id='word_1_141' title='bbox 861 2779 970 2826; x_wconf 81' lang='lat' dir='ltr'>nostroe</span> <span class='ocrx_word' id='word_1_142' title='bbox 995 2771 1168 2826; x_wconf 77' lang='lat' dir='ltr'>liberatione</span> <span class='ocrx_word' id='word_1_143' title='bbox 1193 2770 1375 2837; x_wconf 89' lang='lat' dir='ltr'>occumbere,</span> <span class='ocrx_word' id='word_1_144' title='bbox 1404 2788 1492 2843; x_wconf 89' lang='lat' dir='ltr'>quam</span> <span class='ocrx_word' id='word_1_145' title='bbox 1522 2771 1606 2826; x_wconf 91' lang='lat' dir='ltr'>illius</span> <span class='ocrx_word' id='word_1_146' title='bbox 1639 2771 1708 2826; x_wconf 90' lang='lat' dir='ltr'>sub·</span> 
     </span>
     <span class='ocr_line' id='line_1_20' title="bbox 651 2854 1708 2926; baseline 0.001 -16"><span class='ocrx_word' id='word_1_147' title='bbox 651 2856 779 2910; x_wconf 88' lang='lat' dir='ltr'>versioni</span> <span class='ocrx_word' id='word_1_148' title='bbox 798 2855 973 2910; x_wconf 88' lang='lat' dir='ltr'>consentire.</span> <span class='ocrx_word' id='word_1_149' title='bbox 1011 2854 1125 2910; x_wconf 91' lang='lat' dir='ltr'>Deinde</span> <span class='ocrx_word' id='word_1_150' title='bbox 1142 2862 1209 2926; x_wconf 93' lang='lat' dir='ltr'>post</span> <span class='ocrx_word' id='word_1_151' title='bbox 1226 2855 1365 2911; x_wconf 76' lang='lat' dir='ltr'>modestes</span> <span class='ocrx_word' id='word_1_152' title='bbox 1383 2856 1578 2911; x_wconf 88' lang='lat' dir='ltr'>contentionis</span> <span class='ocrx_word' id='word_1_153' title='bbox 1590 2855 1708 2911; x_wconf 85' lang='lat' dir='ltr'>dissen-</span> 
     </span>
     <span class='ocr_line' id='line_1_21' title="bbox 651 2939 1710 3012; baseline 0.001 -17"><span class='ocrx_word' id='word_1_154' title='bbox 651 2940 757 3004; x_wconf 87' lang='lat' dir='ltr'>siones,</span> <span class='ocrx_word' id='word_1_155' title='bbox 777 2939 889 3010; x_wconf 89' lang='lat' dir='ltr'>placuit</span> <span class='ocrx_word' id='word_1_156' title='bbox 905 2939 1060 2994; x_wconf 84' lang='lat' dir='ltr'>Altissimo</span> <span class='ocrx_word' id='word_1_157' title='bbox 1079 2939 1298 2995; x_wconf 72' lang='lat' dir='ltr'>cantuariensis</span> <span class='ocrx_word' id='word_1_158' title='bbox 1326 2940 1458 2995; x_wconf 75' lang='lat' dir='ltr'>ecclesias</span> <span class='ocrx_word' id='word_1_159' title='bbox 1482 2939 1596 2995; x_wconf 91' lang='lat' dir='ltr'>bellum</span> <span class='ocrx_word' id='word_1_160' title='bbox 1625 2940 1710 3012; x_wconf 90' lang='lat' dir='ltr'>plus·</span> 
     </span>
     <span class='ocr_line' id='line_1_22' title="bbox 558 3022 1709 3094; baseline 0.003 -18"><span class='ocrx_word' id='word_1_161' title='bbox 558 3051 566 3066; x_wconf 86' lang='lat'><strong>·</strong></span> <span class='ocrx_word' id='word_1_162' title='bbox 652 3040 739 3094; x_wconf 91' lang='lat' dir='ltr'>quam</span> <span class='ocrx_word' id='word_1_163' title='bbox 770 3022 878 3087; x_wconf 59' lang='lat' dir='ltr'>civile,</span> <span class='ocrx_word' id='word_1_164' title='bbox 900 3023 932 3076; x_wconf 92' lang='lat' dir='ltr'>in</span> <span class='ocrx_word' id='word_1_165' title='bbox 945 3046 947 3050; x_wconf 96' lang='lat'>·</span> <span class='ocrx_word' id='word_1_166' title='bbox 961 3023 1084 3077; x_wconf 71' lang='lat' dir='ltr'>sincerus</span> <span class='ocrx_word' id='word_1_167' title='bbox 1114 3022 1277 3078; x_wconf 88' lang='lat' dir='ltr'>dilectionis</span> <span class='ocrx_word' id='word_1_168' title='bbox 1303 3023 1439 3079; x_wconf 85' lang='lat' dir='ltr'>affectum</span> <span class='ocrx_word' id='word_1_169' title='bbox 1464 3030 1649 3089; x_wconf 83' lang='lat' dir='ltr'>convertere,</span> <span class='ocrx_word' id='word_1_170' title='bbox 1677 3029 1709 3080; x_wconf 86' lang='lat' dir='ltr'>et</span> 
     </span>
     <span class='ocr_line' id='line_1_23' title="bbox 652 3106 1708 3179; baseline 0.004 -19"><span class='ocrx_word' id='word_1_171' title='bbox 652 3123 782 3160; x_wconf 86' lang='lat' dir='ltr'>amaram</span> <span class='ocrx_word' id='word_1_172' title='bbox 796 3106 967 3177; x_wconf 87' lang='lat' dir='ltr'>jurgiorum</span> <span class='ocrx_word' id='word_1_173' title='bbox 985 3107 1200 3161; x_wconf 87' lang='lat' dir='ltr'>contentionem</span> <span class='ocrx_word' id='word_1_174' title='bbox 1217 3107 1248 3161; x_wconf 92' lang='lat' dir='ltr'>iu</span> <span class='ocrx_word' id='word_1_175' title='bbox 1266 3107 1351 3162; x_wconf 91' lang='lat' dir='ltr'>dulce</span> <span class='ocrx_word' id='word_1_176' title='bbox 1368 3109 1450 3179; x_wconf 87' lang='lat' dir='ltr'>pacis</span> <span class='ocrx_word' id='word_1_177' title='bbox 1468 3107 1600 3162; x_wconf 90' lang='lat' dir='ltr'>studium</span> <span class='ocrx_word' id='word_1_178' title='bbox 1627 3126 1708 3164; x_wconf 90' lang='lat' dir='ltr'>com·</span> 
     </span>
    </p>

    <p class='ocr_par' dir='ltr' id='par_1_3' title="bbox 651 3189 1806 3933">
     <span class='ocr_line' id='line_1_24' title="bbox 652 3189 1806 3263; baseline -0.001 -19"><span class='ocrx_word' id='word_1_179' title='bbox 652 3196 776 3245; x_wconf 90' lang='lat' dir='ltr'>mutare.</span> <span class='ocrx_word' id='word_1_180' title='bbox 812 3190 841 3245; x_wconf 80' lang='lat' dir='ltr'>A</span> <span class='ocrx_word' id='word_1_181' title='bbox 859 3189 985 3245; x_wconf 93' lang='lat' dir='ltr'>Domino</span> <span class='ocrx_word' id='word_1_182' title='bbox 1003 3190 1150 3260; x_wconf 90' lang='lat' dir='ltr'>siquidem</span> <span class='ocrx_word' id='word_1_183' title='bbox 1167 3191 1277 3246; x_wconf 82' lang='lat' dir='ltr'>lactum</span> <span class='ocrx_word' id='word_1_184' title='bbox 1301 3191 1390 3259; x_wconf 91' lang='lat' dir='ltr'>istud,</span> <span class='ocrx_word' id='word_1_185' title='bbox 1411 3191 1489 3263; x_wconf 90' lang='lat' dir='ltr'>quod</span> <span class='ocrx_word' id='word_1_186' title='bbox 1513 3198 1544 3247; x_wconf 87' lang='lat' dir='ltr'>et</span> <span class='ocrx_word' id='word_1_187' title='bbox 1566 3192 1636 3247; x_wconf 91' lang='lat' dir='ltr'>ideo</span> <span class='ocrx_word' id='word_1_188' title='bbox 1661 3199 1806 3250; x_wconf 71' lang='lat' dir='ltr'>esthan</span> 
     </span>
     <span class='ocr_line' id='line_1_25' title="bbox 652 3273 1709 3350; baseline 0.005 -21"><span class='ocrx_word' id='word_1_189' title='bbox 652 3274 798 3340; x_wconf 89' lang='lat' dir='ltr'>mirabile,</span> <span class='ocrx_word' id='word_1_190' title='bbox 819 3273 895 3346; x_wconf 89' lang='lat' dir='ltr'>quod</span> <span class='ocrx_word' id='word_1_191' title='bbox 915 3280 983 3329; x_wconf 88' lang='lat' dir='ltr'>aute</span> <span class='ocrx_word' id='word_1_192' title='bbox 1000 3274 1156 3330; x_wconf 82' lang='lat' dir='ltr'>videbatur</span> <span class='ocrx_word' id='word_1_193' title='bbox 1173 3275 1364 3347; x_wconf 91' lang='lat' dir='ltr'>impossibile.</span> <span class='ocrx_word' id='word_1_194' title='bbox 1410 3275 1498 3331; x_wconf 93' lang='lat' dir='ltr'>Pium</span> <span class='ocrx_word' id='word_1_195' title='bbox 1515 3276 1618 3347; x_wconf 83' lang='lat' dir='ltr'>itaque</span> <span class='ocrx_word' id='word_1_196' title='bbox 1639 3296 1709 3350; x_wconf 89' lang='lat' dir='ltr'>pro·</span> 
     </span>
     <span class='ocr_line' id='line_1_26' title="bbox 651 3359 1710 3430; baseline 0.006 -17"><span class='ocrx_word' id='word_1_197' title='bbox 651 3360 780 3429; x_wconf 88' lang='lat' dir='ltr'>positum</span> <span class='ocrx_word' id='word_1_198' title='bbox 812 3359 967 3430; x_wconf 89' lang='lat' dir='ltr'>utriusque</span> <span class='ocrx_word' id='word_1_199' title='bbox 997 3359 1091 3430; x_wconf 88' lang='lat' dir='ltr'>partis</span> <span class='ocrx_word' id='word_1_200' title='bbox 1122 3359 1165 3413; x_wconf 91' lang='lat' dir='ltr'>sio</span> <span class='ocrx_word' id='word_1_201' title='bbox 1194 3359 1314 3429; x_wconf 83' lang='lat' dir='ltr'>dignata</span> <span class='ocrx_word' id='word_1_202' title='bbox 1337 3365 1383 3416; x_wconf 88' lang='lat' dir='ltr'>est</span> <span class='ocrx_word' id='word_1_203' title='bbox 1412 3360 1520 3415; x_wconf 84' lang='lat' dir='ltr'>Divina</span> <span class='ocrx_word' id='word_1_204' title='bbox 1549 3361 1710 3419; x_wconf 87' lang='lat' dir='ltr'>clementia</span> 
     </span>
     <span class='ocr_line' id='line_1_27' title="bbox 652 3443 1709 3513; baseline 0.005 -16"><span class='ocrx_word' id='word_1_205' title='bbox 652 3460 851 3508; x_wconf 86' lang='lat' dir='ltr'>remunerare,</span> <span class='ocrx_word' id='word_1_206' title='bbox 871 3449 906 3498; x_wconf 92' lang='lat' dir='ltr'>ut</span> <span class='ocrx_word' id='word_1_207' title='bbox 924 3444 949 3497; x_wconf 87' lang='lat' dir='ltr'>si</span> <span class='ocrx_word' id='word_1_208' title='bbox 975 3443 1105 3513; x_wconf 87' lang='lat' dir='ltr'>partium</span> <span class='ocrx_word' id='word_1_209' title='bbox 1131 3444 1198 3513; x_wconf 88' lang='lat' dir='ltr'>pius</span> <span class='ocrx_word' id='word_1_210' title='bbox 1211 3469 1212 3472; x_wconf 40' lang='lat'>¹</span> <span class='ocrx_word' id='word_1_211' title='bbox 1225 3460 1307 3498; x_wconf 88' lang='lat' dir='ltr'>error</span> <span class='ocrx_word' id='word_1_212' title='bbox 1332 3462 1351 3499; x_wconf 88' lang='lat' dir='ltr'>a</span> <span class='ocrx_word' id='word_1_213' title='bbox 1374 3446 1492 3499; x_wconf 89' lang='lat' dir='ltr'>tramite</span> <span class='ocrx_word' id='word_1_214' title='bbox 1518 3445 1709 3502; x_wconf 85' lang='lat' dir='ltr'>rectitudinis</span> 
     </span>
     <span class='ocr_line' id='line_1_28' title="bbox 652 3526 1710 3594; baseline 0.005 -13"><span class='ocrx_word' id='word_1_215' title='bbox 652 3528 803 3591; x_wconf 87' lang='lat' dir='ltr'>educebat,</span> <span class='ocrx_word' id='word_1_216' title='bbox 818 3527 981 3590; x_wconf 84' lang='lat' dir='ltr'>tolleretur,</span> <span class='ocrx_word' id='word_1_217' title='bbox 996 3534 1026 3581; x_wconf 91' lang='lat' dir='ltr'>et</span> <span class='ocrx_word' id='word_1_218' title='bbox 1044 3526 1081 3580; x_wconf 89' lang='lat' dir='ltr'>ad</span> <span class='ocrx_word' id='word_1_219' title='bbox 1100 3527 1258 3581; x_wconf 87' lang='lat' dir='ltr'>contrarios</span> <span class='ocrx_word' id='word_1_220' title='bbox 1271 3528 1342 3583; x_wconf 85' lang='lat' dir='ltr'>fines</span> <span class='ocrx_word' id='word_1_221' title='bbox 1354 3528 1516 3594; x_wconf 90' lang='lat' dir='ltr'>tendentes,</span> <span class='ocrx_word' id='word_1_222' title='bbox 1530 3529 1569 3583; x_wconf 87' lang='lat' dir='ltr'>ed</span> <span class='ocrx_word' id='word_1_223' title='bbox 1581 3531 1710 3586; x_wconf 83' lang='lat' dir='ltr'>eundem</span> 
     </span>
     <span class='ocr_line' id='line_1_29' title="bbox 653 3610 1711 3683; baseline 0.005 -19"><span class='ocrx_word' id='word_1_224' title='bbox 653 3610 816 3681; x_wconf 80' lang='lat' dir='ltr'>gaudentes</span> <span class='ocrx_word' id='word_1_225' title='bbox 836 3611 947 3665; x_wconf 85' lang='lat' dir='ltr'>faceret</span> <span class='ocrx_word' id='word_1_226' title='bbox 972 3611 1134 3681; x_wconf 80' lang='lat' dir='ltr'>pervenire.</span> <span class='ocrx_word' id='word_1_227' title='bbox 1180 3611 1221 3666; x_wconf 90' lang='lat' dir='ltr'>Ut</span> <span class='ocrx_word' id='word_1_228' title='bbox 1248 3613 1326 3665; x_wconf 88' lang='lat' dir='ltr'>enim</span> <span class='ocrx_word' id='word_1_229' title='bbox 1352 3619 1418 3683; x_wconf 89' lang='lat' dir='ltr'>post</span> <span class='ocrx_word' id='word_1_230' title='bbox 1445 3614 1566 3683; x_wconf 88' lang='lat' dir='ltr'>longum</span> <span class='ocrx_word' id='word_1_231' title='bbox 1594 3622 1626 3668; x_wconf 90' lang='lat' dir='ltr'>et</span> <span class='ocrx_word' id='word_1_232' title='bbox 1654 3616 1711 3670; x_wconf 86' lang='lat' dir='ltr'>fre-</span> 
     </span>
     <span class='ocr_line' id='line_1_30' title="bbox 653 3694 1709 3768; baseline 0.006 -21"><span class='ocrx_word' id='word_1_233' title='bbox 653 3705 790 3766; x_wconf 84' lang='lat' dir='ltr'>quentem</span> <span class='ocrx_word' id='word_1_234' title='bbox 808 3702 965 3749; x_wconf 87' lang='lat' dir='ltr'>tractatum</span> <span class='ocrx_word' id='word_1_235' title='bbox 984 3694 1020 3748; x_wconf 88' lang='lat' dir='ltr'>de</span> <span class='ocrx_word' id='word_1_236' title='bbox 1039 3696 1194 3749; x_wconf 87' lang='lat' dir='ltr'>concordia</span> <span class='ocrx_word' id='word_1_237' title='bbox 1210 3696 1292 3750; x_wconf 84' lang='lat' dir='ltr'>nulla</span> <span class='ocrx_word' id='word_1_238' title='bbox 1310 3715 1376 3767; x_wconf 86' lang='lat' dir='ltr'>spes</span> <span class='ocrx_word' id='word_1_239' title='bbox 1395 3698 1474 3768; x_wconf 88' lang='lat' dir='ltr'>pacis</span> <span class='ocrx_word' id='word_1_240' title='bbox 1490 3698 1553 3767; x_wconf 88' lang='lat' dir='ltr'>jam</span> <span class='ocrx_word' id='word_1_241' title='bbox 1566 3699 1709 3763; x_wconf 84' lang='lat' dir='ltr'>restabat,</span> 
     </span>
     <span class='ocr_line' id='line_1_31' title="bbox 653 3778 1710 3851; baseline 0.008 -21"><span class='ocrx_word' id='word_1_242' title='bbox 653 3785 683 3831; x_wconf 87' lang='lat' dir='ltr'>et</span> <span class='ocrx_word' id='word_1_243' title='bbox 709 3797 740 3831; x_wconf 85' lang='lat' dir='ltr'>se</span> <span class='ocrx_word' id='word_1_244' title='bbox 767 3778 855 3832; x_wconf 89' lang='lat' dir='ltr'>solito</span> <span class='ocrx_word' id='word_1_245' title='bbox 881 3780 987 3832; x_wconf 84' lang='lat' dir='ltr'>fortius</span> <span class='ocrx_word' id='word_1_246' title='bbox 1013 3787 1111 3849; x_wconf 84' lang='lat' dir='ltr'>partes</span> <span class='ocrx_word' id='word_1_247' title='bbox 1137 3780 1175 3833; x_wconf 85' lang='lat' dir='ltr'>ad</span> <span class='ocrx_word' id='word_1_248' title='bbox 1200 3781 1367 3835; x_wconf 90' lang='lat' dir='ltr'>conflictum</span> <span class='ocrx_word' id='word_1_249' title='bbox 1393 3782 1590 3851; x_wconf 81' lang='lat' dir='ltr'>accingerent,</span> <span class='ocrx_word' id='word_1_250' title='bbox 1611 3785 1710 3838; x_wconf 88' lang='lat' dir='ltr'>factus</span> 
     </span>
     <span class='ocr_line' id='line_1_32' title="bbox 652 3864 1707 3933; baseline 0.011 -19"><span class='ocrx_word' id='word_1_251' title='bbox 652 3868 698 3914; x_wconf 87' lang='lat' dir='ltr'>est</span> <span class='ocrx_word' id='word_1_252' title='bbox 716 3869 835 3932; x_wconf 87' lang='lat' dir='ltr'>repente</span> <span class='ocrx_word' id='word_1_253' title='bbox 855 3880 950 3916; x_wconf 85' lang='lat' dir='ltr'>sermo</span> <span class='ocrx_word' id='word_1_254' title='bbox 968 3864 1059 3933; x_wconf 83' lang='lat' dir='ltr'>pacis,</span> <span class='ocrx_word' id='word_1_255' title='bbox 1080 3869 1110 3917; x_wconf 90' lang='lat' dir='ltr'>et</span> <span class='ocrx_word' id='word_1_256' title='bbox 1136 3865 1350 3918; x_wconf 85' lang='lat' dir='ltr'>contrariarum</span> <span class='ocrx_word' id='word_1_257' title='bbox 1367 3866 1550 3920; x_wconf 81' lang='lat' dir='ltr'>voluntatum</span> <span class='ocrx_word' id='word_1_258' title='bbox 1569 3869 1707 3926; x_wconf 81' lang='lat' dir='ltr'>mutatio.</span> 
     </span>
    </p>

    <p class='ocr_par' dir='ltr' id='par_1_4' title="bbox 483 3945 1806 4523">
     <span class='ocr_line' id='line_1_33' title="bbox 653 3945 1806 4020; baseline 0.007 -22"><span class='ocrx_word' id='word_1_259' title='bbox 653 3945 689 3998; x_wconf 89' lang='lat' dir='ltr'>ab</span> <span class='ocrx_word' id='word_1_260' title='bbox 708 3945 751 3998; x_wconf 88' lang='lat' dir='ltr'>Eo</span> <span class='ocrx_word' id='word_1_261' title='bbox 771 3947 800 3998; x_wconf 89' lang='lat' dir='ltr'>in</span> <span class='ocrx_word' id='word_1_262' title='bbox 820 3946 912 4015; x_wconf 83' lang='lat' dir='ltr'>Cujus</span> <span class='ocrx_word' id='word_1_263' title='bbox 932 3965 1021 4000; x_wconf 89' lang='lat' dir='ltr'>manu</span> <span class='ocrx_word' id='word_1_264' title='bbox 1039 3947 1128 4001; x_wconf 86' lang='lat' dir='ltr'>corda</span> <span class='ocrx_word' id='word_1_265' title='bbox 1146 3954 1213 4002; x_wconf 87' lang='lat' dir='ltr'>sunt</span> <span class='ocrx_word' id='word_1_266' title='bbox 1231 3967 1336 4019; x_wconf 84' lang='lat' dir='ltr'>regum</span> <span class='ocrx_word' id='word_1_267' title='bbox 1364 3957 1393 4004; x_wconf 88' lang='lat' dir='ltr'>et</span> <span class='ocrx_word' id='word_1_268' title='bbox 1417 3951 1597 4020; x_wconf 89' lang='lat' dir='ltr'>pontificum,</span> <span class='ocrx_word' id='word_1_269' title='bbox 1617 3960 1653 4006; x_wconf 91' lang='lat' dir='ltr'>ut</span> <span class='ocrx_word' id='word_1_270' title='bbox 1677 3954 1707 4006; x_wconf 91' lang='lat' dir='ltr'>in</span> <span class='ocrx_word' id='word_1_271' title='bbox 1720 3972 1806 4016; x_wconf 52' lang='grc' dir='ltr'>ΡΜ</span> 
     </span>
     <span class='ocr_line' id='line_1_34' title="bbox 654 4029 1708 4105; baseline 0.009 -23"><span class='ocrx_word' id='word_1_272' title='bbox 654 4029 762 4098; x_wconf 87' lang='lat' dir='ltr'>spiritu</span> <span class='ocrx_word' id='word_1_273' title='bbox 779 4029 908 4083; x_wconf 87' lang='lat' dir='ltr'>lenitatis</span> <span class='ocrx_word' id='word_1_274' title='bbox 928 4030 1071 4085; x_wconf 87' lang='lat' dir='ltr'>Dominus</span> <span class='ocrx_word' id='word_1_275' title='bbox 1090 4049 1190 4101; x_wconf 86' lang='lat' dir='ltr'>paoem</span> <span class='ocrx_word' id='word_1_276' title='bbox 1209 4033 1284 4086; x_wconf 89' lang='lat' dir='ltr'>inter</span> <span class='ocrx_word' id='word_1_277' title='bbox 1302 4052 1354 4087; x_wconf 91' lang='lat' dir='ltr'>nos</span> <span class='ocrx_word' id='word_1_278' title='bbox 1373 4034 1511 4097; x_wconf 86' lang='lat' dir='ltr'>mitteret,</span> <span class='ocrx_word' id='word_1_279' title='bbox 1526 4039 1555 4088; x_wconf 88' lang='lat' dir='ltr'>ct</span> <span class='ocrx_word' id='word_1_280' title='bbox 1574 4036 1708 4105; x_wconf 84' lang='lat' dir='ltr'>gladium</span> 
     </span>
     <span class='ocr_line' id='line_1_35' title="bbox 485 4112 1705 4187; baseline 0.003 -17"><span class='ocrx_word' id='word_1_281' title='bbox 485 4126 600 4170; x_wconf 68' lang='lat' dir='ltr'>thetole</span> <span class='ocrx_word' id='word_1_282' title='bbox 654 4118 811 4166; x_wconf 77' lang='lat' dir='ltr'>amoveret.</span> <span class='ocrx_word' id='word_1_283' title='bbox 846 4112 890 4166; x_wconf 89' lang='lat' dir='ltr'>De</span> <span class='ocrx_word' id='word_1_284' title='bbox 905 4116 1053 4167; x_wconf 87' lang='lat' dir='ltr'>communi</span> <span class='ocrx_word' id='word_1_285' title='bbox 1067 4116 1167 4185; x_wconf 87' lang='lat' dir='ltr'>itaque</span> <span class='ocrx_word' id='word_1_286' title='bbox 1179 4134 1323 4172; x_wconf 86' lang='lat' dir='ltr'>consensu</span> <span class='ocrx_word' id='word_1_287' title='bbox 1341 4118 1371 4170; x_wconf 93' lang='lat' dir='ltr'>in</span> <span class='ocrx_word' id='word_1_288' title='bbox 1386 4118 1501 4187; x_wconf 89' lang='lat' dir='ltr'>judices</span> <span class='ocrx_word' id='word_1_289' title='bbox 1514 4126 1629 4173; x_wconf 87' lang='lat' dir='ltr'>vestros</span> <span class='ocrx_word' id='word_1_290' title='bbox 1641 4139 1705 4184; x_wconf 83' lang='lat' dir='ltr'>nos,</span> 
     </span>
     <span class='ocr_line' id='line_1_36' title="bbox 483 4183 1709 4273; baseline 0.008 -24"><span class='ocrx_word' id='word_1_291' title='bbox 483 4183 619 4272; x_wconf 54' lang='lat' dir='ltr'>{ssffl&#39;ffom</span> <span class='ocrx_word' id='word_1_292' title='bbox 654 4196 717 4249; x_wconf 90' lang='lat' dir='ltr'>Deo</span> <span class='ocrx_word' id='word_1_293' title='bbox 743 4197 922 4267; x_wconf 85' lang='lat' dir='ltr'>disponente,</span> <span class='ocrx_word' id='word_1_294' title='bbox 942 4200 1205 4267; x_wconf 86' lang='lat' dir='ltr'>compromisimus,</span> <span class='ocrx_word' id='word_1_295' title='bbox 1226 4201 1305 4269; x_wconf 91' lang='lat' dir='ltr'>quod</span> <span class='ocrx_word' id='word_1_296' title='bbox 1331 4208 1392 4255; x_wconf 87' lang='lat' dir='ltr'>tam</span> <span class='ocrx_word' id='word_1_297' title='bbox 1418 4219 1518 4273; x_wconf 31' lang='lat' dir='ltr'>super,</span> <span class='ocrx_word' id='word_1_298' title='bbox 1532 4204 1647 4273; x_wconf 85' lang='lat' dir='ltr'>capella</span> <span class='ocrx_word' id='word_1_299' title='bbox 1672 4205 1709 4259; x_wconf 92' lang='lat' dir='ltr'>de</span> 
     </span>
     <span class='ocr_line' id='line_1_37' title="bbox 485 4281 1709 4356; baseline 0.007 -21"><span class='ocrx_word' id='word_1_300' title='bbox 485 4281 604 4323; x_wconf 72' lang='lat' dir='ltr'>arbitrare.</span> <span class='ocrx_word' id='word_1_301' title='bbox 655 4281 792 4346; x_wconf 84' lang='lat' dir='ltr'>Lemhee‚</span> <span class='ocrx_word' id='word_1_302' title='bbox 815 4300 902 4352; x_wconf 90' lang='lat' dir='ltr'>quam</span> <span class='ocrx_word' id='word_1_303' title='bbox 934 4300 1022 4353; x_wconf 87' lang='lat' dir='ltr'>super</span> <span class='ocrx_word' id='word_1_304' title='bbox 1052 4284 1117 4337; x_wconf 86' lang='lat' dir='ltr'>aliis</span> <span class='ocrx_word' id='word_1_305' title='bbox 1150 4285 1283 4339; x_wconf 87' lang='lat' dir='ltr'>articulis</span> <span class='ocrx_word' id='word_1_306' title='bbox 1314 4286 1345 4338; x_wconf 93' lang='lat' dir='ltr'>in</span> <span class='ocrx_word' id='word_1_307' title='bbox 1374 4286 1504 4356; x_wconf 86' lang='lat' dir='ltr'>litigium</span> <span class='ocrx_word' id='word_1_308' title='bbox 1535 4305 1634 4341; x_wconf 88' lang='lat' dir='ltr'>coram</span> <span class='ocrx_word' id='word_1_309' title='bbox 1666 4290 1709 4343; x_wconf 79' lang='lat' dir='ltr'>eis</span> 
     </span>
     <span class='ocr_line' id='line_1_38' title="bbox 655 4366 1710 4442; baseline 0.008 -23"><span class='ocrx_word' id='word_1_310' title='bbox 655 4366 797 4431; x_wconf 86' lang='lat' dir='ltr'>deductis,</span> <span class='ocrx_word' id='word_1_311' title='bbox 818 4384 919 4419; x_wconf 86' lang='lat' dir='ltr'>eorum</span> <span class='ocrx_word' id='word_1_312' title='bbox 938 4372 1080 4421; x_wconf 84' lang='lat' dir='ltr'>staremus</span> <span class='ocrx_word' id='word_1_313' title='bbox 1099 4367 1229 4431; x_wconf 84' lang='lat' dir='ltr'>arbitrio,</span> <span class='ocrx_word' id='word_1_314' title='bbox 1245 4369 1327 4423; x_wconf 83' lang='lat' dir='ltr'>salva</span> <span class='ocrx_word' id='word_1_315' title='bbox 1344 4369 1374 4422; x_wconf 90' lang='lat' dir='ltr'>in</span> <span class='ocrx_word' id='word_1_316' title='bbox 1392 4370 1526 4424; x_wconf 87' lang='lat' dir='ltr'>omnibns</span> <span class='ocrx_word' id='word_1_317' title='bbox 1539 4373 1710 4442; x_wconf 74' lang='lat' dir='ltr'>apostolicae</span> 
     </span>
     <span class='ocr_line' id='line_1_39' title="bbox 656 4451 1709 4523; baseline 0.008 -20"><span class='ocrx_word' id='word_1_318' title='bbox 656 4451 734 4505; x_wconf 86' lang='lat' dir='ltr'>sedis</span> <span class='ocrx_word' id='word_1_319' title='bbox 753 4451 926 4505; x_wconf 84' lang='lat' dir='ltr'>auctoritate</span> <span class='ocrx_word' id='word_1_320' title='bbox 945 4458 975 4505; x_wconf 89' lang='lat' dir='ltr'>et</span> <span class='ocrx_word' id='word_1_321' title='bbox 992 4452 1165 4506; x_wconf 85' lang='lat' dir='ltr'>reverentia.</span> <span class='ocrx_word' id='word_1_322' title='bbox 1214 4453 1276 4523; x_wconf 87' lang='lat' dir='ltr'>Ipsi</span> <span class='ocrx_word' id='word_1_323' title='bbox 1302 4460 1400 4507; x_wconf 87' lang='lat' dir='ltr'>autem</span> <span class='ocrx_word' id='word_1_324' title='bbox 1427 4456 1459 4508; x_wconf 91' lang='lat' dir='ltr'>in</span> <span class='ocrx_word' id='word_1_325' title='bbox 1483 4455 1561 4509; x_wconf 88' lang='lat' dir='ltr'>hunc</span> <span class='ocrx_word' id='word_1_326' title='bbox 1588 4458 1709 4511; x_wconf 86' lang='lat' dir='ltr'>modum</span> 
     </span>
    </p>
   </div>
   <div class='ocr_carea' id='block_1_3' title="bbox 485 4535 1713 4943">
    <p class='ocr_par' dir='ltr' id='par_1_5' title="bbox 485 4535 1711 4611">
     <span class='ocr_line' id='line_1_40' title="bbox 485 4535 1711 4611; baseline 0.004 -20"><span class='ocrx_word' id='word_1_327' title='bbox 485 4548 641 4611; x_wconf 70' lang='lat' dir='ltr'>thcoonveut</span> <span class='ocrx_word' id='word_1_328' title='bbox 656 4541 724 4589; x_wconf 90' lang='lat' dir='ltr'>sunt</span> <span class='ocrx_word' id='word_1_329' title='bbox 763 4535 915 4589; x_wconf 83' lang='lat' dir='ltr'>arbitrati:</span> <span class='ocrx_word' id='word_1_330' title='bbox 960 4539 979 4561; x_wconf 91' lang='grc'>“</span> <span class='ocrx_word' id='word_1_331' title='bbox 997 4535 1034 4588; x_wconf 84' lang='lat' dir='ltr'>in</span> <span class='ocrx_word' id='word_1_332' title='bbox 1064 4537 1181 4590; x_wconf 89' lang='lat' dir='ltr'>nomine</span> <span class='ocrx_word' id='word_1_333' title='bbox 1212 4537 1309 4590; x_wconf 87' lang='lat' dir='ltr'>Patris</span> <span class='ocrx_word' id='word_1_334' title='bbox 1341 4545 1371 4592; x_wconf 91' lang='lat' dir='ltr'>et</span> <span class='ocrx_word' id='word_1_335' title='bbox 1400 4538 1470 4592; x_wconf 86' lang='lat' dir='ltr'>Filii</span> <span class='ocrx_word' id='word_1_336' title='bbox 1508 4546 1538 4594; x_wconf 89' lang='lat' dir='ltr'>et</span> <span class='ocrx_word' id='word_1_337' title='bbox 1579 4540 1711 4611; x_wconf 85' lang='lat' dir='ltr'>Spiritus</span> 
     </span>
    </p>

    <p class='ocr_par' dir='ltr' id='par_1_6' title="bbox 485 4602 1713 4693">
     <span class='ocr_line' id='line_1_41' title="bbox 485 4602 1713 4693; baseline 0.008 -23"><span class='ocrx_word' id='word_1_338' title='bbox 485 4602 597 4692; x_wconf 56' lang='lat' dir='ltr'>{fflffif</span> <span class='ocrx_word' id='word_1_339' title='bbox 658 4621 675 4644; x_wconf 90' lang='lat'>“</span> <span class='ocrx_word' id='word_1_340' title='bbox 697 4618 828 4682; x_wconf 87' lang='lat' dir='ltr'>Sancti,”</span> <span class='ocrx_word' id='word_1_341' title='bbox 847 4625 921 4682; x_wconf 86' lang='lat' dir='ltr'>ete.;</span> <span class='ocrx_word' id='word_1_342' title='bbox 944 4623 1094 4691; x_wconf 74' lang='lat' dir='ltr'>utsupra.</span> <span class='ocrx_word' id='word_1_343' title='bbox 1131 4618 1246 4675; x_wconf 70' lang='lat' dir='ltr'>Vestras</span> <span class='ocrx_word' id='word_1_344' title='bbox 1265 4621 1358 4690; x_wconf 90' lang='lat' dir='ltr'>igitur</span> <span class='ocrx_word' id='word_1_345' title='bbox 1377 4622 1575 4693; x_wconf 88' lang='lat' dir='ltr'>supplicamus</span> <span class='ocrx_word' id='word_1_346' title='bbox 1604 4626 1713 4680; x_wconf 84' lang='lat' dir='ltr'>saucti-</span> 
     </span>
    </p>

    <p class='ocr_par' dir='ltr' id='par_1_7' title="bbox 487 4701 1712 4943">
     <span class='ocr_line' id='line_1_42' title="bbox 487 4701 1711 4779; baseline 0.01 -26"><span class='ocrx_word' id='word_1_347' title='bbox 487 4701 572 4744; x_wconf 74' lang='lat' dir='ltr'>awud.</span> <span class='ocrx_word' id='word_1_348' title='bbox 654 4703 718 4765; x_wconf 91' lang='lat' dir='ltr'>tati,</span> <span class='ocrx_word' id='word_1_349' title='bbox 740 4708 848 4772; x_wconf 88' lang='lat' dir='ltr'>quanta</span> <span class='ocrx_word' id='word_1_350' title='bbox 865 4720 1020 4773; x_wconf 88' lang='lat' dir='ltr'>possumus</span> <span class='ocrx_word' id='word_1_351' title='bbox 1039 4703 1202 4768; x_wconf 82' lang='lat' dir='ltr'>devotione,</span> <span class='ocrx_word' id='word_1_352' title='bbox 1224 4708 1265 4768; x_wconf 89' lang='lat' dir='ltr'>ut,</span> <span class='ocrx_word' id='word_1_353' title='bbox 1285 4723 1338 4775; x_wconf 86' lang='lat' dir='ltr'>pro</span> <span class='ocrx_word' id='word_1_354' title='bbox 1356 4723 1427 4777; x_wconf 87' lang='lat' dir='ltr'>paee</span> <span class='ocrx_word' id='word_1_355' title='bbox 1445 4712 1476 4761; x_wconf 90' lang='lat' dir='ltr'>et</span> <span class='ocrx_word' id='word_1_356' title='bbox 1493 4709 1711 4779; x_wconf 82' lang='lat' dir='ltr'>tranquillitate</span> 
     </span>
     <span class='ocr_line' id='line_1_43' title="bbox 657 4785 1712 4862; baseline 0.009 -24"><span class='ocrx_word' id='word_1_357' title='bbox 657 4785 875 4841; x_wconf 80' lang='lat' dir='ltr'>Cantauriensis</span> <span class='ocrx_word' id='word_1_358' title='bbox 895 4787 1027 4841; x_wconf 75' lang='lat' dir='ltr'>ecclesiis</span> <span class='ocrx_word' id='word_1_359' title='bbox 1040 4788 1233 4859; x_wconf 89' lang='lat' dir='ltr'>inposterum</span> <span class='ocrx_word' id='word_1_360' title='bbox 1252 4790 1404 4854; x_wconf 83' lang='lat' dir='ltr'>servanda,</span> <span class='ocrx_word' id='word_1_361' title='bbox 1425 4793 1614 4862; x_wconf 75' lang='lat' dir='ltr'>praemissum</span> <span class='ocrx_word' id='word_1_362' title='bbox 1633 4795 1712 4849; x_wconf 84' lang='lat' dir='ltr'>arbi-</span> 
     </span>
     <span class='ocr_line' id='line_1_44' title="bbox 657 4870 1102 4943; baseline 0.007 -19"><span class='ocrx_word' id='word_1_363' title='bbox 657 4870 748 4924; x_wconf 89' lang='lat' dir='ltr'>trium</span> <span class='ocrx_word' id='word_1_364' title='bbox 766 4871 935 4926; x_wconf 88' lang='lat' dir='ltr'>confirmare</span> <span class='ocrx_word' id='word_1_365' title='bbox 955 4871 1102 4943; x_wconf 89' lang='lat' dir='ltr'>dignetur.</span> 
     </span>
    </p>
   </div>
   <div class='ocr_carea' id='block_1_4' title="bbox 0 0 2110 6388">
    <p class='ocr_par' dir='ltr' id='par_1_8' title="bbox 0 0 2110 6388">
     <span class='ocr_line' id='line_1_45' title="bbox 0 0 2110 6388; baseline 0 0"><span class='ocrx_word' id='word_1_366' title='bbox 0 0 2110 6388; x_wconf 95' lang='lat' dir='ltr'> </span> 
     </span>
    </p>
   </div>
  </div>
 </body>
</html>
