4192 6392
631 1162 696 1226 238
916 1171 1088 1229 samsona
1110 1168 1398 1230 casrosmsssas,

480 1332 603 1381 &mm
632 1341 738 1406 Israel,
753 1341 823 1413 quia
840 1341 866 1397 si
884 1341 953 1412 Ipse
971 1342 1133 1405 nobiseum,
1150 1341 1329 1412 quiseontra
1344 1339 1421 1396 nost
1455 1340 1524 1396 Nou
1541 1341 1685 1397 dubitetis
1699 1353 1810 1399 Romvtfl

462 1395 620 1495 fflfflm.
632 1432 854 1498 perseveranter
884 1443 1001 1497 sperare
1030 1426 1063 1480 in
1088 1425 1222 1489 Domino,
1250 1426 1319 1496 quia
1348 1424 1526 1498 triumphale
1552 1427 1683 1497 pretium

631 1510 781 1581 persolvet
797 1509 983 1566 conductitiis
1000 1509 1104 1573 vineae,
1124 1515 1155 1564 et
1172 1509 1208 1563 ab
1227 1509 1347 1564 instanti
1364 1510 1446 1565 rabie
1463 1528 1516 1566 vos
1535 1511 1682 1575 liberabit,

632 1593 710 1649 sicut
735 1593 805 1666 Ipse
830 1594 881 1658 ait,
903 1594 960 1649 “si
986 1593 1205 1665 persecutiones
1231 1593 1395 1665 insurgant,
1422 1595 1539 1649 veniam
1565 1595 1625 1650 cito
1652 1602 1683 1651 et
1697 1607 1810 1652 assurt

633 1677 808 1749 “pugnabo
834 1695 902 1732 cum
926 1677 987 1732 illis
1014 1677 1046 1731 in
1076 1677 1174 1748 gladio
1205 1677 1264 1731 oris
1290 1677 1361 1742 Mei,
1389 1683 1420 1734 et
1443 1679 1574 1734 vincenti
1605 1679 1681 1735 dabo

633 1762 652 1786 “
671 1778 778 1815 manna
803 1760 1014 1825 absconditum,
1034 1765 1066 1815 et
1083 1760 1228 1814 calculum
1253 1760 1419 1826 candidum,
1440 1779 1494 1817 nec
1512 1762 1637 1820 laedetur
1664 1781 1682 1818 a

632 1846 652 1871 ‘⁴
671 1850 764 1900 morte
783 1844 939 1900 secunda.”
978 1843 1010 1900 Si
1035 1844 1286 1916 persecutionibus
1305 1849 1335 1900 et
1352 1845 1488 1917 flagellis,
1509 1853 1647 1918 tanquam
1665 1867 1683 1903 a

629 1930 679 2001 pio
705 1935 788 2001 patre
806 1929 907 1984 dilecti
924 1928 988 1992 filii,
1008 1928 1167 1983 videamini
1192 1928 1406 2000 aliquantulum
1432 1931 1576 1995 demoliri,
1596 1933 1682 2006 vigor

629 2014 761 2077 rationis,
781 2012 902 2077 ordinis,
922 2018 952 2067 et
977 2012 1130 2082 religionis
1148 2017 1254 2067 vestras
1272 2012 1427 2084 integritas
1455 2033 1513 2070 non
1531 2017 1680 2083 turbetur,

630 2099 662 2153 in
679 2103 779 2152 vestra
795 2114 853 2151 non
870 2102 982 2152 tantum
1001 2096 1145 2168 corporali
1164 2095 1216 2150 sed
1243 2096 1390 2167 spirituali
1417 2099 1529 2155 unitate
1548 2102 1678 2157 consola·

630 2181 740 2237 tionem
765 2179 965 2251 suscipientes,
985 2181 1055 2250 quis
1075 2182 1093 2206 “
1107 2197 1191 2234 omne
1209 2198 1334 2251 regnum
1353 2181 1384 2236 in
1403 2183 1532 2253 seipsum
1550 2184 1681 2241 divisum
1694 2204 1809 2252 snum

632 2267 652 2292 “
671 2264 849 2329 desolatur,''
868 2281 923 2319 neo
941 2268 987 2318 est
1011 2263 1124 2334 aliquid
1142 2263 1333 2318 excellentius
1351 2265 1399 2319 vel
1414 2265 1573 2336 jocundius
1593 2288 1682 2340 quam
1693 2259 1724 2301 ¹⁷·

631 2365 751 2420 corpore
770 2347 858 2403 simul
883 2353 914 2403 et
937 2352 1035 2402 mente
1062 2347 1193 2401 habituro
1212 2347 1317 2402 fratres
1345 2348 1376 2402 in
1399 2366 1499 2405 unum.
1536 2350 1627 2408 Absit
1644 2355 1681 2409 ab
1693 2363 1809 2409 Pacuuii

629 2433 729 2504 aliquo
741 2438 873 2487 vestrum
886 2430 963 2502 qnod
981 2431 1021 2486 sit
1039 2430 1116 2485 sicut
1135 2433 1154 2455 ‘¹
1164 2430 1347 2486 intendentes
1359 2449 1470 2497 eroum,
1485 2436 1536 2505 qui
1549 2439 1682 2494 conversi
1692 2415 1808 2459 mmm

633 2517 652 2541 “
672 2514 789 2570 suntin
813 2513 861 2568 die
878 2512 980 2568 belli.”
1016 2513 1104 2567 Nunc
1131 2531 1235 2567 aurum
1253 2514 1284 2567 in
1302 2514 1428 2580 fornace,
1444 2517 1544 2586 justus
1572 2520 1605 2574 in
1621 2526 1681 2576 tor·

630 2598 723 2654 culeri
759 2597 907 2669 probatur,
939 2602 970 2652 et
1005 2597 1041 2651 ab
1077 2614 1196 2651 amurca
1231 2597 1354 2669 liquoris
1390 2600 1503 2671 puritas
1533 2602 1681 2660 videbitur

631 2683 770 2755 separari.
809 2680 879 2750 Quis
904 2680 1054 2736 acerbiora
1072 2686 1102 2736 et
1127 2681 1282 2750 injustiora
1301 2682 1419 2738 Christo
1438 2684 1563 2741 Domino
1581 2695 1680 2745 nostro

631 2766 772 2822 sustinuit
801 2783 819 2820 a
847 2764 988 2820 membris
1018 2764 1056 2819 ad
1085 2782 1150 2835 quse
1174 2765 1330 2821 relevanda
1359 2766 1532 2824 descendit?
1575 2771 1680 2829 Nonne

631 2850 728 2907 David
755 2867 773 2904 a
796 2848 915 2920 proprio
933 2848 994 2903 filio
1019 2848 1210 2903 stimulatus?
1248 2849 1280 2903 Si
1307 2867 1338 2904 se
1359 2850 1475 2906 diabolo
1501 2856 1679 2925 permissum

630 2941 677 2991 est
694 2935 811 2989 beatum
830 2932 887 2986 Job
914 2933 945 2986 in
969 2932 1058 2986 rebus
1077 2938 1107 2987 et
1130 2951 1255 3002 persona
1271 2935 1412 3005 torqueri,
1432 2936 1580 2993 miramini
1599 2941 1625 2995 si
1643 2940 1680 2996 ad

631 3025 747 3090 tempus
765 3035 818 3089 per
836 3015 984 3071 ministros
1012 3033 1089 3080 suos,
1110 3017 1141 3070 in
1158 3017 1249 3072 bonos
1268 3019 1449 3089 permittitur
1476 3021 1627 3087 desaevire,
1647 3030 1681 3080 ut

631 3120 698 3158 eum
711 3101 730 3155 J
732 3102 768 3157 ob
780 3101 953 3156 tentationes
972 3105 1002 3155 et
1020 3101 1172 3169 angustias
1185 3107 1355 3173 superantes
1373 3102 1518 3175 integram
1537 3107 1682 3179 recipiant

631 3185 839 3248 valetudinem,
859 3191 889 3238 et
901 3183 932 3237 in
950 3188 1060 3238 statum
1077 3183 1235 3254 pristinum
1254 3203 1320 3240 curn
1338 3186 1463 3242 victoria
1480 3188 1679 3247 reducantur?

628 3268 701 3324 Vidi
719 3269 798 3324 enim
815 3267 938 3339 impium
956 3267 1211 3338 superexaltatum,
1233 3269 1366 3334 transivi,
1388 3276 1419 3326 et
1437 3289 1504 3327 ecce
1521 3290 1578 3326 non
1597 3280 1677 3341 erat3
1691 3279 1800 3328 Psmvt

630 3372 684 3409 nec
703 3353 765 3408 vidi
789 3352 904 3423 justum
931 3351 1114 3416 derelictum,
1134 3353 1182 3406 vel
1201 3370 1299 3407 semen
1325 3354 1388 3425 ejus
1413 3374 1545 3426 quaerens
1565 3375 1678 3428 panem.
1690 3337 1808 3430 {amm

461 3445 499 3489 He
511 3446 613 3490 astute
629 3439 722 3494 Vobis
740 3437 857 3492 tandem
884 3435 1016 3508 supplico
1034 3442 1068 3489 ut
1093 3434 1242 3490 dominum
1263 3456 1370 3504 meum,
1394 3441 1445 3510 qui
1463 3459 1515 3496 vos
1533 3443 1680 3516 praecipue

460 3495 618 3590 {fflffifim
631 3523 741 3593 diligit,
756 3527 786 3576 et
797 3539 844 3574 me
856 3526 996 3583 vestrum,
1011 3519 1142 3574 babeatis
1156 3521 1186 3573 in
1197 3522 1303 3576 vestris
1316 3523 1495 3579 orationibus
1514 3527 1681 3596 specialiter

460 3596 551 3639 ’ΨΜ
631 3606 856 3667 commendatos,
871 3605 995 3659 seientes
1014 3604 1045 3656 in
1062 3605 1196 3667 veritate,
1212 3624 1276 3674 qum
1290 3605 1369 3661 Deus
1388 3614 1441 3671 est,
1457 3609 1534 3678 quod
1552 3611 1578 3664 si
1596 3612 1679 3667 vobis
1692 3607 1808 3658 S·J0h¹¹¹5'

459 3649 550 3697 mn·
630 3707 747 3760 possem
774 3689 897 3760 pecunia
916 3687 1079 3750 subvenire,
1100 3688 1181 3741 nulla
1198 3689 1279 3743 vobis
1305 3691 1416 3744 ratione
1444 3692 1595 3759 deessem;
1628 3668 1708 3750 πάθ’

630 3774 711 3827 novit
730 3772 809 3826 Deus
838 3771 963 3841 qualiter
982 3771 1055 3823 mihi
1074 3777 1136 3835 est;
1166 3771 1218 3825 sed
1245 3780 1330 3843 grata
1354 3778 1560 3844 supervenient
1578 3797 1679 3850 appor-

630 3857 722 3912 tantia
742 3855 838 3910 solatii
857 3861 887 3908 et
905 3855 1007 3908 salutis
1027 3855 1164 3908 fructum.
1206 3854 1373 3926 Supplieavi
1388 3859 1450 3928 jam
1469 3866 1514 3914 ter
1533 3862 1587 3916 hoc
1606 3881 1679 3918 anno

629 3959 682 4012 pro
708 3941 792 3993 vobis
820 3938 954 3992 omnibus
981 3938 1106 3992 dominis
1133 3946 1162 3993 et
1188 3941 1289 3994 amicis
1316 3942 1390 3996 meis
1418 3960 1452 3996 ex
1478 3962 1535 4014 quo
1561 3965 1579 3999 a
1595 3947 1678 4002 vobis

628 4025 746 4079 recessi.
784 4023 899 4078 Valete.

488 4258 579 4362 ffloss
689 4248 818 4304 CCLVI.
858 4247 1022 4302 Cosvexrur
1043 4248 1256 4302 Cisrusmnssr
1276 4263 1416 4304 usorsrnn
1435 4252 1609 4308 Huurnrnus

580 4342 585 4353 ”
1073 4347 1233 4384 morienne.

458 4457 548 4501 Mater
665 4455 842 4510 Benedictus
870 4453 950 4508 Deus
973 4460 1002 4507 et
1028 4452 1116 4506 Pater
1136 4453 1253 4506 Domini
1271 4455 1363 4509 nostri
1390 4455 1462 4510 Jesu
1483 4456 1603 4521 Christi,
1623 4458 1678 4528 Qui

456 4511 603 4603 tfflffiod
629 4540 769 4594 haetenus
789 4538 897 4601 docuit,
918 4554 951 4591 ac
970 4536 1006 4590 de
1026 4543 1131 4590 eaetero
1151 4555 1203 4607 per
1230 4538 1356 4607 gratiam
1377 4538 1466 4593 Suam
1493 4541 1598 4596 docere
1622 4562 1677 4598 non

458 4611 603 4654 ‘mmm'
629 4625 761 4686 desistet,
782 4640 885 4676 manus
914 4621 1084 4675 constantine
1102 4628 1209 4673 vestre
1241 4621 1278 4674 ad
1296 4622 1430 4691 praelium
1458 4631 1488 4678 et
1514 4626 1807 4694 prudentissume·

458 4662 609 4763 mum!
628 4707 737 4778 digitos
765 4706 802 4760 ad
832 4706 951 4758 bellum.
991 4703 1119 4770 Quarum
1150 4712 1340 4775 utrarumque
1371 4724 1479 4769 rerum,
1507 4712 1677 4766 constantine

457 4762 585 4856 ssteigbreth-
627 4792 766 4845 videlicet
795 4795 826 4844 et
854 4787 1025 4859 prudentio,
1059 4790 1306 4858 perseverantiam
1337 4790 1461 4845 miratur
1491 4794 1616 4849 mundus
1648 4802 1677 4850 et

626 4875 774 4947 praedieat.
813 4873 940 4927 Miratur
966 4871 1166 4935 constentiam,
1188 4873 1265 4942 quod
1288 4873 1350 4943 jam
1378 4893 1484 4928 annum
1511 4895 1585 4932 anno
1610 4897 1676 4933 eon·

626 4960 720 5014 tinuat
739 4960 769 5013 in
795 4956 952 5029 pressuris,
972 4973 1025 5009 nec
1053 4956 1158 5009 deficit.
1197 4956 1324 5011 Miratur
1348 4963 1378 5012 et
1395 4958 1589 5027 prudentiam,
1611 4981 1676 5032 quar

622 5043 672 5113 jus
692 5043 819 5097 alienum
837 5058 890 5095 nec
918 5039 1038 5111 appetit,
1059 5057 1112 5094 nec
1140 5040 1247 5111 repetit
1264 5040 1322 5096 nisi
1349 5042 1487 5108 oblatum,
1509 5063 1596 5114 quam
1621 5064 1675 5101 nec
