4192 6392
621 1166 687 1230 498
903 1176 1077 1227 nrrsrona
1099 1173 1389 1238 olumnamusns,

469 1359 591 1404 lunulae
620 1354 763 1409 cellimur.
801 1352 879 1407 Nam
907 1371 1009 1423 pacem
1036 1351 1257 1408 cantuariensis
1284 1352 1415 1407 ecelesiae
1446 1356 1516 1422 post
1549 1355 1694 1423 tempora

483 1412 582 1504 ΝἪΒ,
620 1439 708 1508 longa
735 1437 877 1492 divinitus
902 1439 1100 1501 reformatam,
1121 1437 1229 1491 iterum
1254 1437 1388 1491 hnmanae
1413 1435 1512 1490 laudis
1544 1454 1634 1492 amor
1661 1442 1693 1490 et

454 1523 595 1615 {flamon-
621 1523 723 1577 muudi
736 1522 832 1592 gloria
844 1522 996 1592 inquietat.
1035 1522 1072 1576 Ιιι
1090 1521 1212 1576 exitium
1229 1529 1363 1576 nostrum
1380 1537 1455 1575 nova
1474 1520 1692 1592 excogitantur

455 1585 551 1666 nezel?
560 1585 595 1616 η’
623 1607 754 1670 consilia,
782 1611 812 1660 et
838 1606 1087 1660 machinationum
1115 1612 1193 1661 artes
1219 1607 1309 1660 variae
1338 1605 1544 1676 exquiruntur,
1575 1605 1690 1676 quibus

623 1689 805 1745 inveniendis
836 1690 899 1744 dies
930 1708 1007 1761 saepe
1032 1691 1129 1760 jejuni
1155 1691 1302 1744 ducuntur
1327 1690 1358 1744 in
1382 1705 1549 1760 vesperam,
1580 1697 1688 1744 noctes

455 1790 573 1835 medela
622 1776 826 1846 transiguntur
862 1774 1018 1829 insomnes.
1071 1774 1147 1828 Sane
1181 1774 1264 1844 juxta
1300 1775 1424 1829 sormam
1460 1774 1687 1828 commissionis

455 1842 605 1935 fflfficffi,
619 1858 734 1929 judiees
753 1857 880 1927 delegati
900 1857 1089 1912 cantuariam
1108 1864 1314 1919 convenerunt,
1335 1864 1369 1912 ut
1386 1857 1422 1911 de
1441 1863 1522 1912 statu
1543 1857 1686 1912 interiori

454 1943 558 1995 terbum
622 1947 652 1996 et
677 1941 814 1996 exteriori
841 1942 1046 2012 requirerent;
1074 1947 1188 1997 etanta
1206 1943 1305 1997 omnia
1330 1941 1366 1996 de
1393 1957 1465 2013 pace
1490 1940 1686 1995 refonnanda

621 2032 747 2080 tractare
766 2032 926 2096 coepernnt,
955 2028 1007 2081 sed
1028 2027 1108 2081 viam
1126 2027 1206 2098 pacis
1233 2033 1263 2081 et
1280 2027 1414 2081 semitam
1439 2025 1586 2096 simplicis
1605 2024 1685 2080 veri·

622 2110 691 2165 tatis
704 2115 734 2164 et
745 2127 837 2180 pura,
851 2109 997 2165 calliditas
1010 2116 1218 2182 argumentosa
1229 2111 1411 2182 contempsit.
1449 2109 1528 2164 Nam
1543 2128 1579 2164 ex
1597 2116 1685 2182 parte

621 2193 745 2248 adversa
763 2195 857 2248 forma
875 2195 957 2265 pacis
975 2196 1074 2251 oblata
1090 2197 1133 2251 ita
1151 2197 1249 2267 specie
1272 2196 1391 2267 pietatis
1410 2201 1474 2249 erat
1500 2195 1630 2259 obtecta,
1650 2199 1684 2248 nt

622 2279 850 2350 simplicioribus
877 2287 907 2334 et
934 2281 1024 2352 vulgo
1051 2281 1201 2336 videretur
1228 2280 1407 2343 favorabilis,
1437 2279 1555 2334 acutius
1581 2286 1684 2334 tamen

621 2363 811 2428 intuentibus,
832 2364 910 2436 juris
938 2365 1052 2420 seilicet
1078 2365 1281 2436 prudentibus,
1310 2365 1360 2436 qui
1387 2381 1487 2418 rerum
1505 2364 1580 2418 fines
1609 2382 1682 2435 pon-

455 2448 594 2549 'l'hoenffiv
621 2447 734 2513 derant,
760 2448 1013 2520 perniciosissima
1037 2449 1220 2520 probaretur.
1269 2448 1317 2504 Ad
1343 2449 1398 2504 hoe
1429 2449 1508 2502 enim
1539 2447 1683 2503 tendebat

455 2501 553 2597 mna
622 2532 724 2597 oratio,
745 2539 778 2588 nt
796 2533 832 2587 de
859 2533 942 2588 bonis
962 2533 1182 2588 cantuariensis
1211 2533 1352 2597 ecclesiae,
1373 2532 1483 2604 absque
1511 2533 1593 2587 omni
1613 2551 1682 2587 con·

475 2617 507 2660 ¹⁰·
515 2621 552 2662 1³1
560 2627 590 2663 r·-
622 2616 805 2682 tradictione,
825 2617 1040 2672 nobilissimam
1060 2618 1182 2673 sundere
1203 2625 1303 2690 posset
1326 2618 1490 2682 eeclesiam,
1512 2623 1544 2672 et
1563 2618 1684 2672 nniver-

455 2681 611 2782 ffl‘ffi‘
623 2721 688 2757 sum
708 2702 927 2757 cantuariensis
947 2702 1079 2758 ecclesia
1099 2709 1216 2768 statum,
1237 2704 1411 2774 contemptis
1430 2702 1509 2757 beati
1540 2701 1682 2773 Gregorii

456 2735 603 2832 enachim
623 2786 877 2842 constitutionibus
902 2792 932 2841 et
952 2785 1052 2842 Sancti
1076 2786 1236 2858 Augustini
1249 2786 1413 2858 Anglornm
1437 2786 1564 2857 apostoli
1588 2786 1682 2841 tradi·

456 2835 602 2933 {iiidice
622 2869 760 2934 tionibus,
799 2870 905 2941 quibus
943 2870 1162 2926 cantuariensis
1200 2871 1324 2926 eeclesia
1364 2871 1399 2925 ab
1438 2870 1522 2926 initio
1559 2870 1680 2935 coaluit,

456 2935 601 3042 ⁸¹⁰me
623 2973 676 3026 pro
701 2955 789 3009 libitu
813 2973 866 3009 sno
890 2955 1029 3011 universa
1059 2955 1222 3011 innovando
1253 2956 1439 3027 disponeret:
1469 2953 1549 3026 quod
1578 2956 1683 3011 nullus

455 2997 612 3087 labeonem.
623 3044 840 3094 antecessorum
859 3057 979 3094 suorum
997 3058 1127 3111 unquam
1145 3041 1308 3104 attentavit,
1329 3041 1359 3093 in
1378 3040 1483 3110 quibus
1503 3040 1684 3095 exstiterunt

622 3123 709 3177 multi
733 3123 791 3178 viri
822 3124 965 3194 sapientia
991 3124 1073 3188 clari,
1094 3131 1124 3179 et
1148 3125 1291 3195 religione
1318 3123 1470 3195 praecipui.
1508 3123 1574 3179 Nec
1600 3125 1684 3178 enim

622 3207 708 3261 saeile
727 3206 905 3262 credendum
924 3213 978 3272 est,
998 3216 1032 3262 ut
1052 3209 1100 3262 vel
1120 3213 1219 3264 sancto
1237 3207 1349 3263 Thema
1367 3207 1502 3272 sanctior,
1523 3208 1572 3262 vel
1592 3207 1683 3262 beato

454 3280 605 3379 fflffldff
620 3291 761 3347 Anselmo
790 3310 855 3348 esse
885 3294 979 3364 possit
1009 3292 1160 3348 eruditior.
1211 3292 1379 3347 Novissime
1410 3297 1508 3346 antem
1538 3309 1593 3362 per
1617 3297 1682 3348 tres

455 3383 507 3426 that
516 3387 556 3429 the
620 3376 702 3431 datos
718 3376 834 3448 judiees
853 3395 905 3432 nos
918 3376 1009 3448 eoepit
1027 3377 1180 3441 coarctari,
1200 3383 1234 3431 ut
1252 3377 1426 3432 deecclesia
1445 3376 1629 3441 aedificanda,
1651 3383 1683 3433 et

455 3442 553 3529 ξζὲζῗὲι
619 3461 655 3514 de
673 3460 844 3533 integritate
871 3467 965 3516 status
985 3460 1205 3515 Cantuariensis
1226 3461 1357 3515 eeclesiae
1377 3458 1534 3515 evertenda
1553 3460 1601 3514 vel
1621 3480 1682 3516 non

454 3535 609 3635 {lemma
620 3545 785 3608 evertenda,
801 3550 896 3599 curtas
910 3550 939 3599 et
951 3545 1109 3615 privilegia
1122 3544 1319 3599 Romanorum
1332 3545 1501 3615 pontificum
1521 3551 1552 3598 et
1570 3564 1681 3615 regum
1699 3564 1705 3580 ·

456 3648 539 3690 marey.
618 3629 745 3699 Angliaa
775 3630 926 3684 libertates
955 3631 1086 3683 ecclesia
1118 3638 1147 3684 et
1172 3631 1389 3701 possessionum
1417 3630 1583 3700 portionem
1612 3650 1682 3701 quas

619 3732 671 3766 nos
691 3715 844 3784 contingit,
860 3715 1004 3767 firmatam
1024 3720 1131 3768 sanetae
1146 3715 1283 3768 Romanae
1302 3715 1433 3769 ecelesia
1453 3714 1634 3785 privilegiis,
1651 3724 1681 3770 et

620 3799 906 3868 archiepiscoporum
920 3799 1140 3853 Cantuariensis
1161 3800 1291 3853 eeclesia
1305 3799 1402 3863 cartis,
1417 3800 1514 3852 omnia
1527 3808 1681 3869 postremo

620 3883 760 3936 interiora
786 3890 816 3936 et
842 3883 995 3946 exteriora,
1018 3901 1083 3953 quae
1112 3900 1163 3937 nos
1191 3902 1362 3952 [lucanaque
1382 3884 1557 3952 contingunt
1577 3884 1678 3944 titulo,

619 3967 776 4020 voluntatis
806 3986 866 4021 suae
895 3968 1078 4038 dispositioni
1105 3968 1297 4031 traderemus
1326 3977 1468 4037 quatenns
1501 3968 1556 4020 snb
1588 3968 1678 4037 hujus

618 4051 735 4105 honoris
772 4052 899 4121 impensi
942 4059 1096 4123 praetextu,
1135 4054 1285 4107 nobiseum
1324 4072 1410 4123 agere
1441 4053 1679 4108 misericorditer

619 4135 801 4205 dignaretur.
840 4137 912 4190 Haec
941 4143 1038 4190 autem
1059 4137 1155 4190 omnia
1181 4156 1238 4191 non
1264 4155 1316 4207 per
1336 4137 1447 4207 speeies
1467 4137 1676 4200 enumeranda,

620 4220 672 4274 sed
700 4221 754 4275 sub
780 4239 887 4292 genere
914 4221 1142 4291 comprehendit,
1170 4222 1242 4275 nihil
1275 4241 1310 4276 ex
1341 4222 1475 4275 omnibus
1496 4223 1676 4291 exprimens,

618 4305 692 4358 nihil
712 4306 876 4360 excludens.
917 4306 1090 4376 Speeialiter
1117 4324 1242 4376 namque
1261 4307 1406 4375 postulata
1432 4305 1624 4367 deterrerent,
1648 4313 1679 4360 et

618 4390 729 4444 animos
749 4390 930 4444 audientium
949 4408 1069 4461 prorsus
1089 4395 1263 4445 averterent.
1302 4390 1364 4444 Nos
1377 4407 1446 4444 vero
1459 4407 1496 4442 ex
1515 4391 1677 4460 praeteritis

617 4475 717 4530 futura
746 4475 910 4540 metientes,
944 4476 1042 4529 verius
1080 4493 1143 4530 esse
1182 4474 1359 4529 credidimus
1391 4481 1497 4528 sanctae
1535 4473 1677 4529 Romamn

617 4559 748 4613 ecclesiae
769 4560 935 4630 privilegiis
964 4559 1143 4622 incumbere,
1167 4565 1197 4613 et
1223 4558 1406 4628 antiquitatis
1429 4559 1498 4627 jura
1516 4576 1570 4628 pro
1590 4577 1678 4629 posse

616 4653 716 4698 nostro
736 4645 790 4699 snb
802 4653 908 4699 vestrm
928 4644 1045 4714 pietatis
1060 4644 1257 4697 moderamine
1277 4661 1458 4705 conservare,
1475 4661 1563 4712 quarn
1577 4645 1678 4698 omnia

451 4728 647 4828 dhddilffbifm
677 4729 821 4783 incertum
849 4735 985 4783 eventum
1013 4728 1204 4782 committere.
1241 4728 1325 4781 Unde
1346 4729 1432 4782 etiam
1453 4728 1541 4781 abbas
1573 4729 1676 4782 Sancti

448 4813 537 4926 giga&
554 4799 569 4827 ¹¹
593 4799 790 4877 ΒΕἰιίιιιιιιιιιίι,
823 4832 898 4867 nnus
919 4814 1032 4867 scilieet
1069 4814 1263 4882 cognitorum,
1297 4812 1498 4882 conjudicibus
1525 4811 1588 4866 suis
1620 4813 1674 4877 ait,

493 4886 566 4930 verns.
618 4899 636 4921 “
656 4896 780 4951 Frustra
794 4895 905 4966 jacitur
922 4903 984 4951 rete
1004 4901 1070 4950 ante
1089 4897 1186 4951 oeulos
1205 4895 1425 4967 pennatorum.'’
1464 4896 1623 4960 caeterum,
1639 4916 1676 4952 ex
1690 4915 1806 4961 promtu,

614 4987 697 5053 parte
721 4989 821 5037 nostra
845 4982 991 5036 istasunt
1016 4982 1121 5035 oblata.
1161 4980 1265 5036 Omnia
1290 4981 1396 5035 damna
1422 4981 1505 5034 nobis
1535 4981 1572 5034 ob
1599 4982 1675 5039 hunc

613 5083 732 5120 cansam
751 5066 842 5130 illata,
863 5067 955 5120 trium
972 5066 1113 5121 videlicet
1138 5083 1279 5120 annornm
1297 5066 1429 5120 redditus
1454 5064 1620 5131 universos,
1645 5075 1675 5123 et

614 5168 714 5207 omnes
733 5169 875 5223 expensas
894 5169 967 5222 quas
986 5151 1022 5206 ob
1041 5150 1124 5206 litem
1151 5151 1260 5221 injuste
1279 5151 1448 5207 suscitatam
1467 5151 1565 5206 faeere
1595 5171 1674 5209 com·
