4192 6392
601 1171 644 1240 70
885 1187 1056 1238 emarcus:
1079 1188 1368 1248 cauruamanars,

453 1365 574 1461 53321027·
603 1361 734 1417 ecclesia
751 1359 884 1433 procedit
901 1360 1056 1418 desiderio.
1095 1360 1209 1434 Quippe
1228 1379 1279 1419 ora
1290 1379 1461 1434 paucorum,
1473 1362 1657 1419 voluntatem

604 1445 623 1501 d
846 1444 852 1456 ”
996 1446 1057 1500 vc'
1334 1446 1339 1457 ’
1396 1488 1403 1510 ,

435 1467 564 1595 titt„
603 1452 870 1602 mitit?
890 1445 1410 1603 tttstttt‘tttttfflt
1423 1444 1659 1589 iiiiii&

435 1592 569 1687 fflnfitw
599 1613 718 1684 justitia
734 1613 932 1671 vociferantur
950 1611 1169 1671 adDominurn.
1199 1613 1281 1686 Ergo
1296 1614 1381 1685 juxta
1391 1614 1468 1669 illud
1479 1612 1727 1687 philosophamur

435 1694 583 1738 mmm
605 1696 756 1752 “Gaudia
785 1697 872 1769 pelle,
902 1696 978 1767 pelle
1007 1695 1153 1761 timorem,
1185 1715 1326 1769 spemque
1361 1698 1464 1769 fugato
1491 1714 1546 1753 nac
1577 1696 1659 1755 dolor
1670 1718 1727 1765 ι*

604 1785 622 1810 “
642 1781 744 1837 assit.''
781 1780 821 1836 Et
839 1780 908 1850 quia
925 1780 1004 1834 bella
1029 1779 1148 1834 Domini
1174 1781 1303 1852 praeliari
1323 1781 1463 1852 coepistis,
1484 1799 1551 1837 cum
1570 1782 1659 1837 etiam

603 1865 691 1937 lippis
710 1865 823 1935 liqueat
841 1881 905 1920 csse
920 1864 1047 1935 justitia,
1068 1881 1191 1919 naevos
1216 1883 1234 1919 a
1251 1867 1400 1937 proposito
1421 1866 1530 1921 laboris
1558 1866 1660 1921 imma·

604 1950 690 2015 nitas,
704 1966 758 2005 nec
775 1950 856 2020 regis
875 1949 1022 2005 deterreat
1035 1948 1231 2013 inclementia,
1244 1966 1282 2005 ne
1300 1949 1425 2020 gloriam
1443 1956 1572 2005 vestram
1584 1950 1659 2006 detis

604 2036 635 2089 in
656 2034 865 2098 confusionem,
886 2042 916 2089 et
943 2033 1069 2089 salutem
1087 2039 1227 2098 nostram,
1257 2051 1321 2105 quar
1351 2035 1383 2089 in
1400 2034 1535 2091 manibus
1552 2034 1659 2091 vestris

604 2124 659 2182 est,
679 2117 890 2190 parvipendere
914 2116 1083 2173 videamini.
1123 2117 1270 2173 Caeterum
1289 2118 1315 2173 si
1332 2118 1380 2173 rel
1398 2117 1453 2174 hoc
1471 2118 1555 2173 aditu
1572 2136 1661 2191 nego-

604 2204 679 2258 tium
705 2210 873 2273 susceptum
901 2201 937 2256 ad
956 2200 1042 2257 finem
1060 2202 1183 2274 potestis
1203 2201 1400 2258 desideratum
1418 2201 1588 2274 perducere,
1607 2220 1660 2259 voa

605 2287 720 2341 omuino
740 2285 905 2357 sumptibus
924 2302 1043 2356 parcere
1062 2284 1260 2356 prohibemus.
1299 2285 1448 2341 Malumus
1461 2284 1540 2341 euim
1553 2285 1660 2341 debitis

605 2371 836 2442 quantiscunque
848 2369 972 2432 onerari,
987 2368 1161 2439 quandoque
1173 2387 1240 2423 cum
1250 2367 1306 2422 Dei
1319 2367 1463 2441 adjutorio
1475 2370 1660 2437 exonerandi,

606 2472 694 2526 quam
712 2471 764 2508 nos
783 2459 813 2509 et
831 2459 931 2507 nostra
955 2453 1053 2507 omnia
1080 2453 1299 2525 inperpetuum
1325 2452 1431 2508 dedere
1455 2454 1658 2525 perditionem.

607 2538 687 2592 Deua
714 2537 765 2608 qui
783 2537 866 2592 vobis
897 2537 1027 2591 animum
1057 2536 1140 2592 dedit
1169 2537 1207 2592 ad
1231 2555 1370 2609 pugnam,
1389 2538 1468 2595 vires
1494 2544 1604 2610 augeat
1623 2538 1661 2595 ad

606 2622 769 2678 victoriam.
808 2620 921 2677 Valete.

472 2864 569 2970 offici
692 2858 863 2914 LXXXIII.
902 2856 1025 2913 Uanano
1044 2870 1121 2911 esra
1140 2856 1311 2913 Centaurus
1330 2856 1569 2913 Caurummuats.

440 2990 595 3035 ruccone-ent
642 2988 773 3044 Veniunt
798 2987 835 3042 ad
862 2988 951 3057 pedes
978 2987 1144 3042 sanctitat-ia
1162 2992 1270 3042 vestras
1297 2987 1446 3042 lohannes
1467 2991 1498 3040 et
1515 2982 1660 3040 Radullua

438 3043 585 3087 recommend
817 3072 822 3083 .
877 3071 909 3082 .·
1125 3071 1130 3081 .
1267 3072 1272 3083 .
1300 3071 1305 3083 .
1344 3071 1350 3083 .
1479 3070 1485 3083 .

438 3093 580 3145 tothapope
608 3075 912 3136 fratresnoatrr,v1r1
930 3070 1074 3126 audemus
1102 3071 1200 3125 dicere
1219 3071 1362 3141 relrglos1‚
1386 3088 1444 3125 non
1462 3087 1525 3125 sine
1554 3082 1662 3139 magno

437 3141 594 3246 fflffimd
607 3176 705 3213 rerum
732 3163 899 3212 nostrarum
929 3155 1035 3226 quibus
1066 3156 1248 3225 praalberunt
1278 3155 1440 3225 dispendio,
1473 3170 1547 3225 quoa
1577 3157 1662 3224 pater

437 3243 486 3344 gg
500 3244 566 3338 ¹¹0¹„
606 3249 705 3299 noster
724 3242 858 3297 dominus
877 3240 1113 3335 archiepiscopus
1139 3239 1256 3336 vinculo
1281 3239 1474 3334 anathematis
1500 3235 1658 3300 innodavit,

464 3358 494 3401 f,
503 3361 529 3401 18
537 3327 575 3404 ,ss
607 3334 636 3382 et
663 3327 740 3399 quod
757 3327 898 3381 hactenus
926 3325 1003 3397 apud
1021 3342 1074 3379 nos
1100 3324 1265 3379 mauditum
1284 3328 1337 3388 cst,
1357 3322 1474 3395 publice
1499 3339 1553 3392 per
1579 3336 1661 3393 paro-

437 3420 594 3467 thestenrda
607 3412 687 3466 chiae
719 3409 888 3465 denunciari
918 3408 1060 3479 praecepit
1093 3408 1367 3471 excommunicatos,
1400 3424 1468 3462 cum
1497 3423 1551 3476 pro
1583 3408 1659 3459 statu

437 3470 532 3572 2ξᾷιῖἓῖ
607 3495 737 3550 ecclcsiae
769 3492 998 3556 Cantuariensia,
1030 3510 1084 3563 pro
1122 3492 1211 3547 rebus
1243 3499 1273 3547 et
1301 3491 1435 3562 personis
1466 3489 1602 3545 omnibus
1632 3494 1661 3542 et

437 3572 562 3667 {rigffflg
607 3579 732 3648 singulis
750 3578 855 3648 primo,
876 3582 906 3631 at
922 3576 1110 3647 postmodum
1128 3594 1181 3646 pro
1200 3576 1272 3646 ipsis
1300 3575 1467 3647 specialiter
1485 3580 1515 3629 et
1532 3573 1662 3628 nomina·

437 3637 576 3716 hasexcomi
606 3663 670 3725 tim,
685 3662 723 3717 ad
740 3661 919 3716 audientiam
938 3668 1067 3716 restrum
1086 3661 1264 3731 appellatum
1283 3661 1396 3723 suisset,
1417 3668 1447 3714 et
1465 3657 1545 3729 prior
1562 3662 1661 3713 noster

437 3723 577 3823 ffffiffiffl‘
607 3764 674 3801 cum
702 3744 877 3815 quibusdam
904 3744 939 3798 de
968 3744 1108 3799 fratribus
1128 3744 1159 3798 in
1177 3745 1333 3813 praesentia
1351 3749 1450 3798 vestra
1468 3749 1567 3798 essent
1596 3758 1662 3796 con·

437 3822 573 3917 {gbffihbr
608 3830 711 3885 stituti.
750 3827 875 3883 Volebat
893 3828 970 3882 enim
984 3828 1179 3883 obedientiam
1197 3829 1288 3893 illam,
1304 3828 1381 3883 sieut
1398 3834 1429 3882 et
1446 3826 1519 3882 alias
1538 3841 1661 3897 quarum

437 3888 554 3968 coritianae
608 3913 664 3968 sibi
695 3912 915 3983 dispositionem
942 3931 1000 3968 non
1029 3912 1224 3968 vendicabant
1252 3918 1350 3983 patres
1381 3912 1456 3983 ejus,
1488 3929 1541 3981 per
1564 3911 1662 3980 ipsum

438 3975 566 4069 ffissffffitl
607 3996 762 4061 moderari,
783 4002 813 4050 et
841 3997 929 4050 rebus
948 3997 1056 4051 nostris
1083 3996 1189 4066 quibus
1215 3996 1273 4066 ipsi
1298 4002 1452 4066 praeerant,
1474 3994 1611 4050 similiter
1628 4010 1661 4048 ac

436 4076 582 4170 ilfflffiffi
609 4081 671 4135 atris
690 4079 844 4150 disponere
863 4086 964 4135 contra
983 4079 1225 4136 corrauetudinem
1244 4082 1346 4150 utique
1366 4079 1506 4144 ecclesias,
1521 4085 1565 4134 tot
1583 4094 1661 4133 sanc·

439 4178 595 4238 ministratae
609 4173 705 4221 torum
724 4166 826 4220 usibus
854 4167 1053 4237 approbatam,
1073 4172 1174 4221 contra
1192 4172 1236 4221 tot
1263 4167 1426 4222 sanctiones
1451 4164 1529 4220 sedis
1548 4170 1660 4235 aposto·

438 4227 554 4332 mg&
607 4252 681 4315 lice,
709 4257 738 4305 et
762 4251 919 4322 privilegia
943 4251 1031 4305 ctiam
1061 4269 1078 4304 a
1114 4251 1268 4305 sanctitate
1297 4257 1396 4306 vestra
1425 4249 1509 4304 nobis
1540 4248 1660 4303 indultu.

608 4335 692 4404 Quod
710 4335 780 4404 quia
799 4354 855 4389 nou
880 4335 1078 4389 consentimus
1103 4353 1156 4404 per
1180 4335 1277 4404 ipsum
1301 4335 1374 4397 fieri,
1398 4333 1449 4389 aed
1469 4332 1661 4387 reclamantes

608 4420 829 4490 appellavimus.
861 4419 917 4472 nisi
950 4419 1089 4483 fallimur,
1122 4419 1311 4489 praesentium
1336 4418 1459 4489 bajulos,
1480 4418 1532 4486 qui
1563 4432 1661 4471 rerum

608 4512 774 4559 nostrarum
799 4521 851 4574 per
877 4520 929 4557 uos
953 4509 987 4557 ut
1011 4502 1140 4558 assolent
1164 4521 1265 4557 curam
1289 4502 1439 4572 gerebant,
1466 4500 1661 4555 excommuni-

609 4588 696 4642 cavit.
744 4588 810 4642 Hcc
843 4598 941 4642 autem
966 4587 1165 4642 indubitanter
1191 4605 1294 4642 verum
1325 4585 1475 4641 noveritis,
1506 4584 1575 4654 quia
1603 4600 1661 4639 non

608 4689 706 4726 corum
729 4671 869 4726 fratribus
891 4671 920 4725 in
945 4670 1081 4741 capitulo,
1106 4670 1182 4725 sicut
1204 4669 1369 4740 praescribit
1389 4668 1503 4737 regula,
1525 4676 1556 4721 et
1575 4672 1662 4737 prout

608 4755 697 4809 habet
720 4754 851 4810 ecclesian
875 4761 981 4810 nostrus
1003 4754 1181 4810 consuetudo
1206 4755 1339 4825 longara
1363 4759 1393 4806 et
1416 4750 1586 4806 constitutio
1597 4768 1662 4807 uos·

609 4850 664 4905 tra,
686 4858 773 4911 super
791 4840 891 4910 aliquo
913 4839 1021 4894 delicto
1048 4839 1183 4895 conventi
1203 4844 1279 4902 sunt,
1299 4854 1353 4893 nec
1371 4842 1462 4892 extra.
1500 4834 1563 4890 Nos
1589 4852 1661 4906 ergo

609 4931 689 4980 tanto
707 4924 803 4994 magis
822 4924 858 4977 de
877 4939 978 4977 eorum
997 4922 1129 4978 absentia
1145 4923 1333 4994 praegravati,
1348 4925 1456 4992 quanto
1475 4918 1661 4990 diligentiam

608 5009 739 5078 ipsorum
766 5007 850 5063 nobis
872 5006 985 5077 experti
1016 5024 1117 5062 sumus
1146 5008 1350 5071 necessariam,
1379 5003 1528 5075 majestati
1553 5008 1660 5059 vestra

609 5091 740 5149 obnixius
772 5091 980 5163 supplicamus,
1013 5098 1157 5162 quatenus
1194 5110 1243 5147 eos
1274 5089 1371 5161 gratia
1400 5096 1500 5145 vestra
1529 5088 1662 5145 remittat
