4192 6392
776 1224 935 1274 rauronn
959 1223 1163 1274 snnnnwrua
1454 1211 1493 1275 al

437 1400 573 1457 obtinere
603 1396 795 1461 contendatis,
828 1395 907 1466 quod
936 1396 1044 1450 bonum
1075 1396 1155 1466 pacis
1186 1396 1284 1451 valeat
1313 1395 1495 1466 perturbare,
1525 1389 1647 1492 *afflgi-

438 1485 566 1541 scientos
582 1483 661 1555 quod
679 1482 710 1536 iu
728 1498 800 1552 pace
819 1479 901 1534 illius
920 1479 1052 1533 ccclesias
1065 1497 1122 1550 pax
1139 1486 1239 1534 nestra
1250 1485 1280 1533 et
1298 1473 1645 1549 trarrquillitasfloso,1,5,1,

439 1570 525 1640 regni
556 1568 649 1623 nostri
680 1565 823 1621 consistit.
869 1563 1011 1634 Alioquin
1041 1563 1100 1617 nisi
1131 1563 1230 1617 statim
1261 1563 1298 1617 ad
1328 1563 1498 1618 mandatum
1511 1553 1634 1659 ξιξὲἲῶῑ·

440 1660 573 1710 nostrum
594 1650 753 1712 redieritis,
773 1668 826 1719 pro
849 1648 993 1703 constanti
1012 1647 1185 1701 habebimus
1212 1647 1290 1717 quod
1317 1666 1370 1702 neo
1397 1665 1499 1718 pacem
1510 1654 1602 1700 distmb
1612 1656 1639 1699 it.

440 1756 494 1793 neo
511 1738 651 1792 honorem
678 1740 811 1789 nostrum
838 1733 885 1786 vel
914 1732 1047 1786 eeclesia
1065 1738 1172 1787 vestrm
1191 1732 1327 1803 diligitis.
1365 1732 1450 1787 Unde
1468 1738 1499 1786 ct

441 1822 546 1878 merito
563 1839 618 1876 neo
644 1825 775 1874 nostram
802 1817 886 1871 vobis
906 1817 1042 1886 gratiam,
1063 1834 1117 1870 nee
1143 1816 1228 1886 regni
1257 1817 1349 1871 nostri
1369 1817 1499 1871 favorem

443 1905 577 1980 poteritis
596 1903 721 1960 ulterius
740 1917 919 1971 comparare.

479 2141 571 2198 CXV.
608 2141 744 2196 Hnumco
763 2152 831 2193 naor
850 2138 971 2193 Asana
990 2152 1074 2193 Paron
1093 2137 1323 2193 Oasrommssrs
1341 2155 1375 2194 nr
1390 2155 1471 2194 secu.

477 2268 606 2327 Litteras
625 2271 717 2341 rogim
735 2269 900 2340 majestatis
928 2268 960 2323 in
985 2266 1040 2323 hae
1060 2268 1154 2322 lorma
1172 2270 1365 2341 suscepimus,
1388 2269 1498 2324 “ch-
1511 2272 1559 2343 The
1567 2273 1629 2325 prior
1637 2274 1662 2317 in

445 2357 563 2411 “ricus
589 2355 646 2410 Dei
677 2354 801 2425 gratia,”
831 2361 896 2419 etc,
925 2355 943 2380 “
958 2353 1002 2409 Ob
1027 2354 1224 2408 reverentiam
1254 2353 1386 2409 mandati
1417 2327 1632 2425 apos-'iiiiii'

445 2443 464 2467 “
484 2439 597 2504 tolici,”
618 2444 686 2503 etc,
706 2443 738 2492 ot
763 2457 871 2510 srrpru5
900 2438 1006 2508 quibus
1033 2455 1102 2492 cum
1120 2455 1236 2493 summa
1257 2437 1411 2493 devotione
1438 2425 1661 2519 ευε-ἱξξᾞῐῑῑῇξε

444 2525 534 2596 ceptis
561 2530 591 2579 et
618 2523 777 2593 diligenter
802 2523 970 2586 intellectis,
999 2539 1057 2576 non
1085 2540 1158 2593 quas
1185 2528 1329 2588 tenemur,
1350 2523 1402 2577 sed
1428 2541 1500 2593 quas
1580 2528 1654 2572 inteu-

443 2626 493 2664 nos
512 2607 591 2663 servi
609 2607 701 2663 vestri
719 2624 886 2677 possumus,
904 2606 1017 2676 gratias
1030 2605 1232 2678 Omnipotenti
1251 2608 1314 2662 Deo
1332 2609 1499 2672 relerimus,
1513 2576 1573 2621 ‘¹⁰¹¹'

447 2691 502 2762 Qui
520 2691 604 2747 vobis
625 2690 857 2745 exabundantia
883 2690 950 2744 Suae
978 2690 1096 2760 pietatis
1116 2690 1253 2760 dignatus
1279 2698 1325 2745 est
1346 2691 1500 2762 inspirare,

445 2775 522 2847 quod
549 2775 704 2830 ecelesiam
723 2773 966 2829 Cantuariensem
994 2780 1024 2828 et
1051 2791 1128 2828 nunc
1147 2774 1224 2828 sicut
1242 2779 1271 2828 et
1289 2791 1405 2846 semper
1424 2792 1501 2828 verm

444 2859 574 2916 caritatis
606 2857 712 2913 affectu
751 2857 909 2928 respicitis,
942 2857 1036 2926 ipsius
1068 2857 1277 2928 tranquillitati
1312 2857 1502 2928 paternaliter

445 2941 628 3004 intendendo
655 2942 748 3013 ipsius
776 2959 879 3013 pacem
907 2945 937 2994 et
965 2940 1153 2995 securitatem
1179 2941 1410 2997 misericorditer
1436 2959 1502 3013 pro·

445 3025 581 3083 curando.
612 3024 736 3089 Verum,
751 3042 803 3079 rex
821 3024 957 3095 benigne,
973 3025 1028 3078 sub
1047 3025 1133 3096 cujus
1147 3025 1201 3080 alis
1221 3030 1250 3079 et
1262 3025 1355 3081 tutela
1372 3026 1500 3081 vivimus
1514 3043 1663 3096 Nonatyn

445 3117 473 3168 et
490 3128 603 3176 sumus,
619 3128 677 3181 qua
694 3126 775 3180 pace,
791 3126 849 3180 qua
869 3108 968 3179 quieto
982 3109 1090 3178 poterit
1108 3107 1144 3162 de
1164 3113 1268 3164 catere
1281 3109 1501 3165 (lantuariensis
1513 3094 1642 3188 mih„

446 3195 570 3252 ecelesia
606 3191 747 3264 gaudere,
785 3193 811 3247 si
848 3197 1007 3263 consurgat
1043 3210 1116 3263 opus
1153 3193 1228 3247 illud
1258 3192 1337 3264 quod
1372 3193 1502 3249 intendat
1515 3195 1663 3240 revehunt

446 3278 579 3336 dominus
598 3283 698 3332 noster
717 3276 954 3347 archiepiscopus
973 3275 1194 3331 cantuariensis
1212 3276 1404 3333 construere?
1440 3277 1502 3332 Vos
1515 3245 1655 3299 mmm

446 3363 516 3420 bone
535 3362 630 3426 scitis,
651 3379 703 3416 rex
721 3360 779 3432 pie,
801 3360 871 3430 quia
897 3358 1012 3414 modica
1029 3359 1078 3415 vel
1107 3359 1205 3415 nulla:
1240 3360 1314 3415 bene
1340 3361 1449 3416 scimus
1474 3364 1504 3415 et

447 3452 525 3504 certe
552 3446 663 3502 certius
691 3443 849 3507 credimus,
871 3442 949 3515 quod
974 3461 1009 3498 ex
1034 3443 1098 3508 hoc,
1122 3450 1221 3499 restra
1249 3444 1306 3499 sibi
1331 3445 1502 3516 providente

447 3531 610 3594 clementia,
631 3528 851 3583 Cantuurieusis
871 3527 996 3581 ecclesia
1013 3527 1120 3581 vestris
1140 3528 1321 3598 temporibus
1340 3528 1453 3582 nullum
1473 3528 1503 3582 in

448 3617 506 3671 auis
520 3613 714 3684 dignitatibus
728 3618 923 3681 consequetur
936 3611 1140 3681 dispendium
1156 3613 1208 3668 sed
1219 3614 1385 3684 posteritati
1398 3624 1503 3667 nostra>

450 3700 607 3755 discrimen
626 3697 817 3752 lormidamus
836 3695 992 3766 provenire
1011 3696 1220 3766 gravissimum
1246 3703 1275 3752 et
1293 3699 1504 3753 contentionem

450 3792 628 3855 perpetuam.
667 3780 878 3835 Verumtamen
907 3779 1005 3834 statim
1031 3780 1068 3834 ad
1096 3781 1264 3837 mandatum
1288 3790 1420 3838 vestrum
1447 3784 1504 3837 iter
1516 3793 1635 3845 arreptius

451 3868 485 3922 ad
514 3884 567 3923 ros
599 3865 675 3920 siout
705 3864 743 3918 ad
773 3864 925 3919 dominum
956 3869 987 3918 et
1016 3870 1173 3935 patronum
1203 3873 1336 3922 nestrum
1369 3867 1503 3922 veniendi
1516 3843 1662 3938 fflffiffiss

451 3952 686 4024 arripuissem,
717 3948 775 4003 nisi
806 3947 1018 4020 urgentissima
1048 3954 1078 4003 ot
1109 3949 1240 4004 inaudita
1268 3951 1440 4022 gravamina
1467 3949 1504 4004 ad
1516 3943 1643 3994 coartant

451 4053 550 4092 vocem
578 4039 737 4090 conventus
765 4033 858 4087 nostri
883 4033 1078 4102 lacrymosam
1106 4050 1158 4087 uos
1190 4033 1351 4089 subsistere
1379 4039 1504 4089 cometa·
1517 3995 1674 4098 miiaiin&

453 4126 523 4176 rent.
574 4116 635 4172 Pax
654 4134 779 4187 namque
804 4134 869 4187 quas
888 4117 919 4170 in
943 4115 1101 4187 praesentia
1119 4123 1218 4172 vestra
1242 4116 1343 4172 debuit
1362 4118 1502 4181 inchoari,
1517 4096 1677 4191 ffiffiss'gn,

453 4204 525 4258 laeta
556 4207 601 4256 est
626 4201 669 4255 eis
700 4202 730 4255 in
757 4199 907 4255 cumulum
936 4198 1045 4254 doloris
1074 4205 1103 4253 et
1127 4207 1327 4271 augmentum.
1366 4203 1506 4256 Promisit

454 4288 529 4341 enim
555 4282 690 4340 dominus
717 4293 817 4339 noster
845 4284 1074 4348 Cantnaricnsis,
1095 4290 1129 4339 ut
1156 4286 1332 4356 accepimus
1352 4287 1507 4341 conventui
1546 4303 1665 4350 tonan„

455 4388 563 4440 pacem,
584 4368 636 4422 sed
661 4387 717 4439 pax
736 4386 792 4422 uon
822 4373 866 4421 est
892 4368 1057 4422 subsecuta.
1096 4368 1238 4423 Promisit
1256 4371 1451 4435 securitatem,
1478 4376 1508 4425 et

455 4471 518 4509 eece
537 4453 699 4508 tribulatio.
739 4451 880 4505 Omnibus
900 4469 1025 4521 namque
1044 4452 1128 4506 bonis
1147 4460 1178 4508 et
1196 4453 1428 4523 possessionibus
1448 4471 1507 4507 ser·
1520 4467 1642 4511 Thoanu-

455 4538 536 4591 tulos
567 4540 690 4599 vestros,
720 4536 798 4589 sicut
821 4536 885 4605 jam
913 4535 1035 4589 niuibus
1061 4537 1168 4591 nostris
1201 4538 1335 4602 intonuit,
1363 4518 1587 4612 violenterssilw
1604 4520 1653 4612 iffi

456 4619 600 4692 spoliarit.
655 4619 772 4673 Moveat
806 4619 909 4688 igitur,
948 4618 1056 4672 divinar
1084 4621 1215 4675 caritatis
1243 4621 1361 4686 intuitu,
1393 4626 1507 4695 regiam
1520 4620 1667 4672 1³⁰⁸⁸²⁸⁸¹⁰¹¹5

455 4706 590 4775 pietatem
617 4704 690 4758 tanti
717 4709 877 4758 conventus
904 4701 1055 4767 desolati0,
1075 4721 1238 4775 pauperum
1258 4706 1369 4761 Christi
1394 4718 1508 4778 portur·
1521 4670 1654 4765 lilim·

456 4788 541 4852 batio,
562 4787 660 4857 etqui
679 4786 753 4841 nihil
781 4786 862 4841 aliud
889 4788 947 4840 nisi
966 4804 1069 4857 pacem
1087 4788 1264 4854 desiderant,
1285 4791 1343 4845 nisi
1369 4795 1451 4847 utin
1474 4811 1508 4848 ea

457 4870 600 4934 libertate,
621 4877 652 4924 et
678 4876 755 4924 statu
783 4888 840 4940 quo
858 4874 989 4941 tempore
1007 4872 1099 4925 vestri
1125 4871 1244 4943 imperii
1270 4873 1421 4945 hucusque
1448 4877 1508 4931 vix-

458 4962 549 5019 erunt,
578 4953 634 5008 sub
659 4960 764 5008 vestrm
795 4955 981 5025 protectionis
1013 4955 1111 5023 gratia
1140 4955 1277 5027 deinceps
1305 4958 1419 5026 possint
1444 4976 1509 5029 per·

459 5053 583 5094 manere.
629 5036 776 5092 (laterum
803 5037 873 5092 licet
898 5036 971 5091 tanti
996 5037 1137 5109 principis
1165 5041 1267 5109 glorius
1297 5039 1345 5094 tel
1372 5041 1508 5099 laudibus

460 5120 577 5177 minime
595 5119 690 5191 possit
716 5120 833 5185 moribi,
857 5126 891 5175 ut
917 5120 948 5175 in
972 5138 1035 5186 nos,
1056 5139 1193 5192 personas
1221 5122 1454 5195 contemptibiles
1480 5134 1511 5184 et
