4192 6392
624 1187 687 1250 160
903 1203 1075 1254 rrrsronn
1098 1203 1390 1265 crusvicienses,

471 1385 591 1454 Amarea
620 1381 751 1450 tempora
779 1397 844 1450 quie
870 1381 1050 1436 transierant
1076 1381 1108 1435 in
1138 1380 1244 1452 quibus
1275 1382 1392 1438 arctiori
1419 1381 1536 1439 vinculo
1566 1400 1671 1439 sumna

451 1439 602 1494 ⁴b⁰¹¹²⁶¹¹¹¹¹
620 1465 742 1527 astricti,
762 1465 845 1519 nobis
863 1465 895 1520 in
911 1465 964 1520 hac
991 1465 1164 1522 necessitate
1192 1465 1346 1521 subvenire
1373 1465 1550 1537 dignemini:
1579 1474 1609 1522 et
1633 1485 1671 1522 ne

620 1549 797 1604 infeliciores
823 1550 889 1604 aliis
917 1550 947 1604 in
973 1551 1143 1606 infelicitate
1171 1551 1228 1606 ista
1251 1551 1443 1613 inveniamur,
1462 1558 1497 1606 ut
1516 1551 1615 1607 velitis
1641 1560 1671 1607 et

620 1632 775 1688 affectuoso
794 1634 917 1705 compati
937 1640 965 1688 ot
982 1635 1138 1689 efficaciter
1156 1634 1356 1706 compatiendo
1375 1635 1517 1691 misereri.
1551 1635 1668 1692 Valete.

468 1866 594 1963 ssfflssss·
719 1871 900 1927 CLXXXII.
941 1871 1090 1925 Ursnsnrr
1113 1886 1188 1925 rara:
1206 1871 1358 1927 ernrcns
1376 1887 1433 1926 nex
1452 1870 1582 1927 Ananis.

453 2003 566 2057 Thaima
656 2003 731 2058 Cum
760 2002 936 2057 venerabilis
976 2008 1059 2074 pater
1096 2008 1196 2058 noster
1226 2002 1413 2058 Baldevrinus
1449 2003 1670 2061 Cautuariensis

453 2055 599 2158 mistim
619 2087 854 2158 archiepiscopus
872 2087 904 2141 in
915 2086 1066 2158 procinctu
1085 2092 1164 2142 osset
1174 2086 1288 2142 itineris
1307 2087 1344 2142 ad
1363 2087 1462 2142 sedem
1479 2088 1669 2160 apostolicam

453 2156 495 2250 {22
502 2157 591 2250 ffif'f
619 2172 764 2235 veniendi,
784 2179 815 2227 et
832 2189 850 2225 a
866 2170 950 2226 nobis
965 2171 1027 2242 jam
1045 2171 1195 2226 licontiam
1212 2171 1372 2234 habuisset,
1386 2173 1557 2244 supervenit
1567 2190 1671 2229 rumor

452 2257 567 2309 anaopto
619 2257 670 2311 ille
688 2256 875 2312 tristissimus
894 2255 931 2310 dc
954 2255 1131 2311 desolatione
1151 2261 1237 2310 terrae
1257 2254 1520 2322 ierosolimitanam
1547 2258 1599 2328 qui
1617 2276 1670 2313 cor

452 2307 590 2400 ib⁸⁰ur¹i⁰vi¹iin
618 2347 751 2396 nostrum
769 2360 804 2396 ca
822 2359 909 2412 quam
936 2341 1033 2396 dicere
1059 2340 1214 2411 nequimus
1240 2341 1435 2396 amaritudine
1461 2343 1617 2413 percussit,
1638 2352 1670 2399 et

452 2409 597 2510 Rfflffi]
617 2444 669 2480 nos
700 2432 730 2480 et
766 2426 859 2481 filium
889 2431 1021 2480 nostrum
1051 2425 1279 2498 primogenitum
1310 2424 1469 2482 Ricardum
1500 2434 1531 2482 et
1558 2427 1669 2484 multos

452 2510 584 2603 mmm
618 2510 690 2565 alios
721 2510 757 2564 de
787 2511 978 2566 nobilioribus
1009 2516 1156 2565 terrarum
1185 2516 1352 2565 nostrarum
1382 2511 1419 2565 ad
1446 2510 1669 2568 subventionem

452 2608 500 2652 and
513 2593 606 2654 excisa
617 2600 705 2649 terrae
723 2594 803 2649 illius
821 2595 929 2649 vexillo
956 2595 1052 2650 crucis
1077 2594 1210 2649 armavit.
1250 2594 1325 2650 (lum
1343 2595 1436 2666 igitur
1454 2595 1484 2650 in
1502 2596 1576 2651 tanti
1594 2596 1669 2652 deli·

453 2661 509 2704 him.
619 2679 767 2734 berationa
785 2680 906 2751 negotii,
927 2684 957 2734 et
983 2679 1013 2733 in
1039 2686 1120 2735 tanto
1145 2697 1270 2734 moerore
1296 2680 1388 2734 simus
1414 2680 1574 2744 constituti,
1594 2699 1670 2752 prae·

620 2763 713 2819 sentia
741 2765 855 2835 praefati
892 2763 1103 2835 archiepiscopi
1133 2763 1179 2818 his
1209 2763 1312 2819 diebus
1342 2763 1423 2819 nullo
1453 2764 1537 2820 modo
1567 2783 1669 2821 carcre

619 2865 780 2919 possemus,
801 2848 885 2918 cujus
904 2848 1043 2903 sanctitas
1063 2853 1093 2902 ct
1116 2848 1273 2918 prudentia
1289 2848 1369 2903 viam
1393 2848 1477 2903 nobis
1502 2849 1533 2904 in
1559 2851 1669 2905 nostris

619 2933 740 3004 agendis
768 2951 820 3004 per
839 2932 895 2986 Dei
920 2931 1045 3003 gratiam
1072 2931 1186 3003 plenius
1212 2931 1399 2987 ministrabit.
1437 2931 1549 2988 Verum
1577 2951 1614 2989 ne
1638 2936 1670 2990 ei

619 3018 822 3089 praejudicium
849 3023 970 3087 generet
997 3015 1075 3087 quod
1100 3015 1196 3085 magis
1222 3015 1308 3071 debet
1334 3016 1460 3086 gratiam
1487 3034 1668 3088 comparare,

621 3102 795 3173 benignitati
813 3106 920 3156 vestrae
938 3098 974 3155 de
1001 3117 1060 3170 qua
1077 3117 1095 3153 a
1121 3099 1222 3154 multis
1250 3099 1353 3155 dicbus
1371 3117 1472 3155 rerum
1490 3102 1671 3172 experientia

619 3188 692 3242 certi
719 3204 830 3251 samue,
856 3202 957 3256 preces
982 3188 1104 3255 quantas
1129 3201 1284 3254 possumus
1314 3201 1381 3238 cum
1412 3185 1490 3239 omni
1515 3184 1670 3241 devotione

618 3271 806 3342 porrigimus,
833 3277 867 3324 ut
892 3269 957 3334 hoc,
977 3268 1055 3340 quod
1082 3287 1100 3323 a
1126 3267 1208 3322 nobis
1236 3267 1376 3323 sustinuit
1402 3269 1469 3338 cogi
1495 3286 1547 3339 pro
1572 3270 1672 3340 gloria

619 3356 714 3410 crucis
742 3360 773 3411 et
798 3355 970 3410 exaltatione
996 3352 1122 3407 nominis
1142 3352 1263 3415 Christi,
1283 3352 1311 3406 ei
1330 3351 1407 3423 apud
1425 3370 1476 3407 vos
1495 3353 1532 3408 ad
1550 3371 1670 3411 excusa·

619 3441 707 3499 tionis
727 3440 852 3510 gratiam
871 3439 964 3503 cedat,
986 3439 1055 3508 quia
1082 3437 1176 3507 magis
1197 3437 1263 3491 inde
1283 3439 1411 3491 favorem
1430 3442 1562 3492 vestrum
1580 3438 1669 3495 debet

618 3525 788 3597 promereri,
831 3542 887 3594 quo
925 3523 1051 3593 amplius
1088 3521 1171 3575 nobis
1210 3521 1276 3575 aliis
1314 3521 1449 3591 spiritum
1486 3521 1668 3578 fortitudinis

620 3609 790 3678 inspirabit3
810 3625 855 3665 ne.
876 3608 954 3676 quod
973 3606 1053 3659 Deus
1073 3610 1193 3666 avertat,
1214 3624 1281 3659 cnm
1300 3604 1407 3659 vexillo
1426 3605 1493 3659 fidei
1513 3605 1583 3660 fidos
1603 3607 1669 3679 ipsa

619 3693 714 3746 valeat
741 3691 911 3762 pcriclitari.
955 3689 1023 3743 Non
1051 3696 1148 3743 autem
1174 3689 1280 3742 sufficit
1306 3689 1389 3743 nobis
1416 3707 1482 3743 eum
1511 3688 1587 3761 apud
1614 3710 1668 3746 vos

619 3793 767 3839 excusare,
789 3793 876 3845 quem
901 3774 1061 3828 necessitas
1080 3773 1220 3843 temporis
1240 3779 1269 3828 ct
1287 3774 1361 3827 ratio
1380 3774 1448 3828 fidei
1467 3782 1593 3838 excusat,
1615 3777 1669 3830 scd

619 3877 671 3931 pro
690 3859 753 3929 ipso
772 3857 855 3912 vobis
874 3858 942 3911 totis
961 3857 1124 3911 visceribus
1150 3856 1359 3927 supplicamus,
1380 3875 1415 3911 ne
1442 3858 1550 3912 clamor
1568 3876 1668 3914 mona-

453 3961 555 4010 nabun
618 3944 739 3998 chorum
765 3941 1018 3996 Cantuariensium
1044 3946 1144 3995 contra
1171 3959 1237 3995 eum
1265 3941 1431 4011 praevaleat,
1452 3959 1524 4012 quos
1550 3960 1606 3997 non
1632 3944 1668 3999 dc

452 4013 606 4107 gagga,
615 4030 688 4102 justi
704 4030 731 4083 n
761 4038 790 4082 a
820 4028 944 4081 vanata
980 4027 1035 4081 nin
1067 4027 1266 4098 cognovimus,
1299 4028 1350 4081 sed
1387 4028 1449 4081 soa
1484 4028 1669 4098 malignitate

452 4114 588 4166 varnplsints
619 4115 730 4178 armati,
744 4131 799 4167 non
820 4112 914 4166 solum
928 4111 1189 4182 archiepiscopum,
1211 4112 1262 4165 sed
1281 4118 1374 4165 totum
1392 4129 1516 4181 regnum
1535 4116 1668 4168 nostrum

452 4164 533 4258 iiiiii,
620 4199 738 4254 turbare
756 4198 898 4251 nituntur.
937 4194 1019 4263 Quod
1039 4196 1116 4248 enim
1135 4195 1171 4249 de
1190 4195 1314 4249 ccclesia
1332 4196 1362 4248 in
1380 4195 1488 4248 honorc
1516 4196 1668 4251 beatorum

451 4267 591 4370 ἓξῇῗζξῆξξ
619 4289 780 4353 martyrum
813 4280 952 4351 Stephani
984 4285 1013 4334 et
1043 4280 1160 4334 Thamar
1192 4279 1368 4342 fabricanda,
1400 4279 1437 4332 ab
1467 4297 1501 4333 co
1537 4281 1669 4336 noscitur

478 4396 505 4434 s„
520 4349 598 4438 ,Μ’
620 4369 794 4428 inchoatum,
815 4365 851 4418 dc
870 4365 991 4419 consilio
1010 4362 1131 4418 Romani
1160 4363 1314 4433 pontificis,
1335 4370 1365 4416 ct
1390 4381 1511 4418 assensu
1529 4363 1669 4420 Romana

618 4451 747 4507 ccclesiae¹
773 4449 901 4511 dotlrmit,
923 4455 952 4503 ct
977 4468 1029 4502 nos
1055 4457 1121 4519 post
1149 4447 1357 4517 inspectionem
1376 4448 1540 4501 litterarum
1558 4448 1670 4505 domini

620 4556 699 4609 papas
727 4554 784 4589 non
815 4534 911 4588 subito
942 4534 990 4586 vel
1021 4539 1140 4595 tomorc,
1174 4532 1224 4586 sed
1252 4531 1287 4584 (le
1315 4532 1436 4586 corrsilio
1467 4532 1671 4604 cpiscoporum

619 4628 648 4674 ct
672 4621 813 4673 baronum
837 4619 926 4672 totius
954 4618 1038 4687 regni
1066 4615 1167 4679 nostri,
1188 4617 1369 4687 propositum
1392 4616 1455 4686 jam
1481 4616 1552 4671 dicti
1574 4619 1670 4674 archi·

619 4704 746 4775 episcopi
783 4702 1017 4774 approbavimus,
1051 4706 1080 4754 et
1116 4718 1188 4769 opus
1222 4700 1386 4754 laciendum
1423 4699 1669 4768 confirmavimus,

620 4790 647 4843 in
674 4807 707 4842 co
726 4787 870 4857 siquidem
895 4786 959 4840 loco
978 4785 1008 4838 in
1035 4802 1092 4854 quo
1110 4784 1184 4838 nulli
1212 4784 1342 4838 ecclesiia
1370 4793 1527 4853 generatur
1553 4786 1671 4858 dispen-

619 4874 716 4935 dirmu
745 4884 775 4925 ct
805 4871 830 4923 si
861 4870 912 4939 qni
943 4876 1011 4923 sunt
1050 4869 1099 4938 qui
1132 4868 1204 4923 falso
1238 4868 1342 4923 timore
1372 4869 1463 4922 futuri
1496 4869 1671 4927 incommodi

619 4958 783 5011 trabuntur.
799 4956 841 5008 cis
861 4955 896 5007 de
915 4953 1080 5007 omnimoda
1093 4953 1280 5007 indemnitate
1298 4953 1460 5006 cautionem
1480 4953 1669 5010 sufficientem

619 5041 750 5111 praestari
771 5039 905 5092 volumus
934 5044 963 5090 ct
989 5043 1137 5107 priestarr.
1176 5038 1285 5091 Locum
1310 5054 1381 5106 ergo
1408 5037 1492 5091 illum
1518 5056 1604 5110 quem
1634 5042 1672 5095 ad

620 5125 756 5178 lionoronr
779 5131 940 5196 martprnm
960 5120 1095 5175 aedificari
1116 5120 1250 5178 volumus
1270 5126 1298 5176 ct
1317 5121 1562 5187 confirmavimus,
1583 5140 1671 5194 quem
