4192 6392
613 1176 676 1239 144
893 1188 1065 1238 summan
1087 1189 1375 1249 cannuaarausus,

459 1371 582 1416 turres.
610 1361 744 1432 antiquas
763 1361 897 1432 deperire
915 1359 1151 1424 consuetudines,
1171 1365 1202 1415 et
1226 1359 1337 1415 ordinis
1361 1359 1515 1416 imminere
1542 1359 1664 1415 subver-

442 1423 579 1529 „ffif‘y’
610 1446 730 1499 sionem.
767 1445 815 1500 Ad
833 1445 896 1499 haee
914 1445 999 1516 quasi
1023 1449 1183 1500 commotus
1209 1445 1338 1517 pontifex
1363 1446 1468 1516 inquit,
1490 1443 1664 1516 “Praecipio
1733 1502 1738 1507 ,

441 1536 576 1588 bistonios-
611 1533 630 1555 ‘⁶
650 1529 732 1583 vobis
751 1548 786 1583 ex
812 1535 895 1601 parte
914 1529 1135 1601 archiepiscopi,
1155 1529 1186 1583 in
1203 1528 1314 1584 virtute
1333 1528 1512 1592 obedientia,
1538 1529 1663 1600 nequis

441 1587 575 1689 {ffiffl
611 1616 629 1640 ‘¹
649 1620 779 1668 vestrum
801 1618 883 1685 septa
905 1613 995 1668 curias
1014 1630 1185 1685 quacunque
1204 1613 1240 1667 de
1258 1630 1348 1669 causa
1371 1613 1451 1669 exire
1471 1613 1664 1685 prasumat.”

442 1687 521 1732 ΜΝ·
608 1698 719 1753 Eadem
737 1698 810 1753 hora
828 1703 967 1753 exeuntes
985 1697 1096 1753 milites
1114 1704 1145 1752 et
1169 1714 1237 1752 cum
1255 1698 1298 1753 eis
1316 1697 1417 1753 clerici
1435 1703 1612 1770 paraverunt
1629 1715 1663 1753 se

608 1789 642 1837 ut
666 1783 778 1838 curiam
805 1788 934 1837 nostram
964 1789 1149 1853 occuparent,
1176 1781 1212 1836 de
1237 1799 1294 1853 que
1322 1783 1464 1837 secretius
1493 1782 1663 1854 praemuniti

607 1875 707 1940 portas
738 1868 827 1923 curia
857 1867 1008 1923 observari
1035 1868 1189 1940 jussimus,
1209 1868 1316 1938 quibus
1343 1869 1393 1923 vix
1421 1868 1530 1925 clausis
1555 1869 1663 1924 adsunt

608 1953 727 2016 milites,
747 1960 777 2008 et
794 1971 862 2007 cum
880 1953 923 2007 eis
941 1952 1041 2007 clerici
1054 1953 1172 2023 quidam
1184 1969 1266 2007 novae
1278 1952 1407 2024 capellae,
1428 1970 1463 2007 ex
1480 1959 1562 2024 parte
1579 1952 1663 2024 ragis

608 2044 639 2092 et
656 2036 867 2108 archiepiscopi
879 2041 1011 2109 petentes
1029 2036 1197 2092 introitum:
1219 2036 1326 2107 quibus
1345 2036 1475 2092 serviens
1494 2037 1546 2108 qui
1560 2037 1663 2109 januis

609 2122 722 2176 astabat
747 2120 907 2192 respondit,
935 2138 967 2176 se
992 2138 1177 2192 nequaquam
1203 2129 1302 2193 portas
1327 2139 1413 2191 posse
1440 2122 1563 2194 aperire,
1592 2123 1663 2194 quia

609 2206 706 2261 clares
724 2223 781 2260 nen
798 2205 928 2260 haberet.
964 2204 1144 2260 Nuuciatum
1156 2210 1202 2260 est
1218 2205 1337 2261 interim
1347 2205 1431 2260 uobis
1444 2206 1553 2262 milites
1566 2213 1663 2262 astare

606 2289 704 2361 januis
735 2297 765 2345 et
794 2290 962 2360 ingressum
992 2294 1154 2360 expectare,
1174 2295 1204 2344 et
1232 2288 1345 2344 dnobus
1375 2288 1474 2344 missis
1503 2290 1663 2355 monachis,

610 2373 799 2444 quaesivimus
825 2391 863 2428 an
886 2372 1001 2445 pacifici
1026 2372 1221 2428 advenissent.
1267 2372 1309 2428 At
1333 2372 1378 2427 illi
1405 2372 1549 2438 dixerunt,
1569 2391 1601 2428 sc
1626 2391 1664 2428 ex

609 2464 692 2529 parte
722 2457 802 2527 regis
832 2463 863 2512 et
892 2456 1104 2528 archiepiscopi
1135 2456 1296 2522 advenisse,
1328 2464 1362 2512 ut
1391 2457 1502 2513 curiam
1531 2463 1662 2513 nostram

610 2542 763 2612 omniaque
791 2559 856 2611 quae
874 2541 906 2594 in
931 2558 965 2595 ea
983 2547 1067 2596 erant
1092 2546 1276 2612 occuparent,
1305 2546 1335 2596 et
1358 2540 1442 2596 nobis
1469 2541 1663 2613 omnibusque

442 2644 585 2741 Qum
610 2624 1101 2764 eirtcumquaqqu‘adqeptanteipus
1131 2625 1296 2763 nqlcestsialplia
1324 2625 1546 2765 ιιιξιῗιταζοιιὲἰ
1577 2626 1662 2723 nobis

610 2728 708 2764 auem
738 2728 791 2764 con
858 2727 946 2763 rcenr
967 2727 1002 2763 us
1080 2727 1153 2780 appe
1178 2728 1214 2763 an
1281 2728 1304 2772 s,
1336 2729 1354 2764 a
1373 2729 1383 2763 ι
1402 2729 1479 2775 run,
1565 2728 1664 2766 omma

442 2752 540 2792 convent
548 2751 599 2793 out·

442 2798 540 2843 eruetha
611 2800 710 2848 nostra
739 2799 820 2848 extra
849 2794 961 2848 curiam
991 2794 1131 2857 maneria,
1164 2793 1285 2858 scilicet,
1311 2793 1463 2849 bertonam
1489 2811 1604 2865 quoque
1632 2802 1665 2851 et

442 2849 552 2944 {Qm
610 2878 728 2933 hortum
746 2878 923 2932 invaserunt.
959 2877 1033 2933 Haec
1052 2876 1099 2931 die
1112 2877 1266 2933 Dominica
1284 2883 1350 2933 ante
1363 2884 1478 2933 octavas
1491 2878 1664 2950 Epiphania

443 2977 564 3021 mench-
611 2963 783 3016 factasunt.
822 2960 956 3016 Secunda
974 2978 1044 3015 vero
1063 2961 1137 3016 feria
1155 2960 1191 3016 de
1209 2962 1411 3017 transmarinis
1438 2964 1557 3018 veniens
1584 2962 1664 3035 apud

441 3028 524 3122 ffiffl?
612 3046 740 3101 Devram
752 3044 894 3118 applicuit
905 3045 1150 3117 archiepiscopus.
1187 3045 1275 3100 Faria
1285 3047 1374 3101 tertia
1384 3047 1464 3102 venit
1475 3046 1662 3118 Wingeham,

444 3130 508 3177 (tau.
518 3129 560 3181 11.)
611 3137 642 3186 et
659 3131 869 3185 communicato
887 3148 954 3184 cum
972 3129 1113 3184 fratribus
1132 3129 1263 3193 consilio,
1290 3131 1426 3185 misimus
1444 3130 1483 3185 ad
1500 3148 1567 3186 cum
1588 3131 1664 3186 duos

442 3193 564 3296 geffiff
608 3215 644 3269 de
663 3213 801 3269 fratribus
820 3219 854 3269 ut
871 3213 899 3267 ei
914 3213 1000 3283 juxta
1018 3230 1130 3267 morem
1141 3213 1357 3283 processionem
1370 3214 1524 3279 offerrent3
1544 3232 1617 3286 quos
1629 3221 1666 3270 ut

442 3294 509 3394 iffi
516 3345 559 3396 12.)
605 3299 667 3369 jam
686 3299 767 3354 scitis
786 3297 823 3352 ad
841 3296 1019 3368 colloquium
1037 3314 1095 3351 non
1119 3296 1247 3360 admisit,
1268 3296 1320 3352 sod
1344 3297 1523 3368 appellantes
1549 3315 1664 3353 excom·

444 3409 481 3451 Ηε
489 3408 591 3452 declares
608 3384 778 3446 munientes,
794 3382 878 3453 equis
894 3400 995 3437 eorum
1014 3382 1129 3444 ablatis,
1142 3380 1233 3452 pedes
1245 3381 1363 3437 remissi
1375 3388 1444 3436 sunt
1456 3381 1662 3450 Cantuariam3

443 3460 597 3552 ffi‘ffigni·
609 3474 640 3522 et
656 3467 755 3522 missis
774 3467 918 3521 militibus
933 3466 996 3537 jam
1016 3465 1191 3537 saepedictis
1211 3470 1327 3520 etcum
1345 3467 1388 3521 eis
1407 3465 1582 3536 quibusdam
1605 3467 1665 3523 cle-

443 3560 585 3603 monkssent
608 3551 679 3605 rieis
694 3552 780 3620 juxta
798 3551 876 3622 quod
894 3552 977 3605 vobis
997 3550 1237 3622 significavimus,
1257 3551 1369 3605 curiam
1395 3558 1524 3606 nostram
1542 3569 1666 3622 occupa·

443 3611 553 3703 ἶζξξωω
609 3643 723 3698 verrmt,
739 3642 768 3689 et
786 3653 820 3689 eo
839 3635 886 3689 die
905 3635 935 3689 in
954 3636 1022 3689 aula
1039 3635 1188 3705 hospitum
1207 3641 1272 3688 aute
1292 3634 1445 3705 coquinam
1464 3635 1663 3700 comederunt,

446 3711 559 3763 (lan-1³³
609 3719 783 3773 insultantes
808 3719 891 3773 nobis
911 3726 941 3772 et
959 3719 1109 3782 dicentes;
1140 3718 1326 3789 “Appellant
1345 3719 1478 3773 monachi
1497 3719 1534 3773 ad
1551 3720 1665 3774 curiam

444 3774 630 3867 &mmm
651 3803 819 3866 Romanam,
841 3820 891 3856 uos
911 3809 1008 3856 autem
1028 3802 1189 3856 cardinales
1209 3803 1303 3856 effecti
1322 3821 1440 3857 causam
1459 3821 1560 3879 eorum
1583 3804 1665 3874 judi·

445 3876 589 3927 ³³⁰⁰⁰¹¹1¹l⁰l
612 3888 630 3912 ‘⁴
651 3886 790 3949 cabimus,
818 3886 935 3939 edentes
962 3894 992 3940 et
1018 3886 1150 3940 bibentes
1174 3904 1238 3955 quae
1266 3885 1343 3957 apud
1369 3886 1436 3940 illos
1464 3887 1562 3940 sunt.'’
1607 3886 1665 3941 Dic

447 3940 569 4050 ,Jffiss'
610 3969 763 4023 Dominica
781 3969 915 4039 sequenti
932 3977 1045 4040 portam
1065 3970 1232 4025 clauserunt
1244 3971 1413 4032 coemeterii,
1427 3978 1456 4025 et
1468 3971 1560 4025 multa
1571 3989 1666 4025 arma-

443 4053 571 4155 Qtffiff
610 4061 707 4107 torum
725 4072 811 4107 manu
836 4054 960 4118 admota,
984 4073 1037 4124 per
1064 4059 1124 4108 tres
1153 4054 1215 4109 dies
1243 4054 1383 4108 custodiri
1404 4056 1543 4118 fecerunt,
1564 4055 1606 4109 ita
1631 4063 1701 4131 ut„

444 4154 542 4205 lustror
610 4141 683 4195 nulli
703 4141 852 4196 hominum
871 4148 987 4212 pateret
1010 4143 1172 4213 ingressus.
1212 4141 1321 4209 Quarta
1339 4143 1464 4214 denique
1492 4143 1538 4198 die
1563 4150 1667 4214 aperta

444 4205 510 4298 {Jffi’
518 4205 580 4256 ‘¹⁸5⁸'
610 4232 663 4283 est.
692 4232 721 4279 et
748 4225 802 4279 soli
833 4226 982 4296 peregrini
1014 4226 1135 4280 introire
1160 4226 1307 4296 permissi,
1335 4227 1386 4280 sed
1412 4227 1449 4281 ad
1475 4245 1526 4280 nos
1553 4227 1666 4281 intrare

444 4307 539 4349 ΜΗΘ·
609 4309 740 4365 volentes
765 4310 876 4380 repulsi
904 4316 980 4373 sunt,
1010 4315 1040 4364 et
1071 4329 1136 4380 qum
1161 4310 1245 4364 nobis
1270 4328 1288 4364 a
1312 4309 1446 4365 fidelibus
1474 4310 1667 4366 mittebantur

444 4405 582 4467 'stramentis
609 4395 748 4448 victualia
765 4399 878 4449 retenta
897 4401 926 4449 et
944 4393 1048 4448 ablata.
1088 4393 1181 4448 Nobis
1200 4393 1294 4448 adhuc
1307 4393 1405 4448 nullus
1424 4401 1504 4466 patet
1515 4412 1665 4464 egressus,

443 4458 703 4551 Rffegffflffln'neque
722 4478 803 4533 locus
823 4478 930 4548 aliquis
950 4477 1108 4532 derelictus
1128 4483 1173 4531 cst
1189 4477 1247 4531 nisi
1266 4479 1427 4532 claustrum
1446 4485 1475 4532 et
1487 4478 1619 4543 ecclesia,
1634 4479 1666 4534 in

610 4563 715 4631 quibus
734 4563 837 4616 horam
855 4568 1041 4631 expectamus
1061 4578 1119 4631 qua
1137 4568 1187 4615 aut
1205 4563 1281 4615 fame
1299 4569 1351 4617 aut
1376 4561 1475 4632 gladio
1492 4563 1665 4627 moriamur,

610 4653 661 4701 aut
679 4646 756 4716 quod
774 4647 883 4701 certius
902 4646 1058 4709 eredimus,
1074 4645 1110 4699 de
1129 4645 1253 4700 eeclesia
1271 4646 1391 4700 extracti
1405 4646 1434 4699 in
1453 4645 1666 4716 dispersionem

445 4729 580 4803 tririrreser-
609 4731 769 4783 mittamur.
808 4730 865 4784 His
885 4730 978 4799 igitur
997 4735 1026 4782 et
1051 4729 1117 4783 aliis
1143 4730 1313 4798 hujusmodi
1339 4730 1374 4784 de
1394 4731 1499 4794 causis,
1519 4748 1537 4784 a
1555 4730 1671 4797 divinis,

444 4792 548 4882 ,diffie
610 4815 787 4868 cesserimus
818 4820 848 4868 et
877 4813 1057 4867 cessabimus
1089 4831 1240 4884 quousque
1277 4813 1312 4867 de
1342 4815 1470 4868 tenebris
1490 4812 1595 4870 educat
1614 4816 1665 4870 Sol

611 4897 749 4959 Justitiae,
771 4897 907 4951 Christus
939 4897 1018 4950 Deus
1050 4904 1158 4951 noster.
1209 4896 1327 4951 Movent
1353 4915 1520 4967 quaesumus
1551 4905 1666 4968 patrem

610 4986 691 5036 tauta
709 4981 834 5034 liliorum
853 4987 883 5034 et
901 4987 961 5033 tam
980 4981 1080 5047 gravis
1094 4979 1243 5045 desolatio,
1258 4998 1294 5034 ue
1308 4981 1444 5036 deficiant
1461 4981 1531 5036 dum
1549 5000 1607 5036 non
1625 4985 1668 5040 sit

610 5066 661 5134 qui
688 5065 800 5135 eripiat.
847 5064 941 5134 Super
968 5063 1073 5127 omnia,
1094 5064 1251 5119 reverende
1278 5070 1369 5137 pater,
1396 5074 1456 5120 tam
1475 5066 1548 5121 utile
1576 5085 1668 5137 (quam
