4192 6392
655 1157 720 1218 508
934 1169 1108 1219 urrsroun
1132 1168 1420 1231 osuruaatuusrs,

504 1371 559 1416 al).
567 1377 624 1419 11⁰9·
653 1362 775 1417 poscens
794 1362 812 1401 a
828 1345 922 1410 nobis,
942 1350 977 1400 nt
995 1345 1093 1400 omnia
1111 1350 1222 1401 statuta
1239 1343 1385 1414 majorum
1404 1344 1720 1419 archiepiscoporum,

531 1425 597 1467 AM?
652 1429 851 1500 indulgentias
879 1429 957 1484 sedis
984 1429 1150 1501 apostolieae
1178 1435 1208 1484 et
1232 1428 1399 1499 privilegia,
1420 1435 1450 1483 et
1477 1436 1579 1486 cartas
1609 1451 1720 1505 regum

515 1474 568 1518 Nor
583 1479 615 1518 18.

486 1506 779 1584 flmhmllnglim
800 1514 906 1585 quibus
924 1514 956 1567 in
973 1514 1160 1568 libertatibus
1186 1517 1216 1567 ct
1239 1511 1307 1582 jure
1331 1519 1412 1568 tanta
1429 1514 1567 1579 eeclesia,
1591 1523 1719 1588 tamque

485 1588 631 1682 {52¹}ssssssss
652 1599 801 1668 praeclara,
821 1616 839 1652 a
857 1598 918 1653 suis
938 1597 1030 1653 initiis
1048 1597 1170 1652 fundata
1193 1603 1247 1660 est,
1261 1596 1420 1653 voluntatis
1439 1616 1501 1653 snae
1519 1598 1717 1671 dispositioni

486 1689 640 1750 nonorthoir
652 1681 844 1745 traderemus,
864 1687 898 1736 nt
915 1698 968 1752 pro
986 1680 1075 1734 libitu
1093 1698 1146 1735 suo
1163 1697 1240 1735 nova
1258 1680 1332 1734 soit-a
1349 1688 1487 1751 tanquam
1499 1683 1631 1739 meliora
1649 1703 1717 1757 pro-

485 1739 633 1835 ffiffissw
653 1765 766 1827 cedant,
794 1764 914 1838 antiqua
942 1764 1026 1833 quasi
1054 1764 1180 1827 inutilia,
1199 1763 1339 1818 convulso
1366 1764 1533 1836 depereant.
1573 1767 1644 1824 Nee
1669 1777 1718 1825 est

653 1856 803 1902 contentus
823 1847 1002 1901 ordinatione
1021 1848 1189 1902 monastices
1214 1847 1386 1917 disciplina,
1408 1866 1495 1919 quam
1515 1850 1546 1904 in
1565 1853 1716 1922 praedieta

653 1931 777 1985 ecelesia
794 1930 957 1985 beatissimi
975 1937 1074 2001 patres
1101 1930 1263 2001 Gregorius
1289 1936 1319 1986 et
1345 1931 1531 2003 Augustinus
1556 1935 1717 1993 ordinave-

652 2022 731 2076 runt,
752 2014 803 2084 qui
822 2014 910 2067 etiam
928 2032 945 2068 a
964 2014 1026 2069 Deo
1044 2013 1239 2069 commendati
1264 2020 1334 2070 sunt
1359 2022 1389 2070 et
1412 2017 1557 2082 honerati,
1580 2020 1637 2075 sed
1654 2022 1715 2076 alio

652 2098 804 2152 intellectu
829 2105 859 2152 ot
884 2097 984 2153 ordine
1008 2098 1143 2169 regulam
1170 2097 1269 2153 Sancti
1294 2098 1445 2155 Benedicti
1474 2101 1607 2158 aestimat
1625 2122 1714 2176 expo·

652 2182 787 2246 nondam,
802 2182 885 2253 quasi
903 2183 967 2236 rire
986 2182 1152 2252 apostolicas
1172 2182 1344 2237 eruditionis
1364 2182 1507 2255 Gregorio
1528 2189 1627 2257 possit
1645 2207 1713 2245 esse

653 2265 773 2331 doctior,
794 2273 844 2322 aut
871 2267 975 2321 merito
1001 2266 1165 2321 sanctitatis
1191 2267 1357 2339 Anglorum
1381 2270 1512 2340 apostolo
1536 2270 1713 2343 Augustino

485 2371 611 2424 notatos
652 2350 766 2405 clarior.
805 2351 845 2406 Et
863 2351 983 2422 quidem
1001 2350 1037 2405 de
1051 2350 1358 2406 aefflficandaecelesia
1375 2359 1437 2407 tam
1448 2353 1541 2409 nobili
1560 2355 1601 2411 de
1619 2359 1712 2413 rebus

484 2423 638 2526 ffifflffi·
651 2434 772 2490 alterius
792 2436 933 2497 ecclesiae,
948 2435 1020 2489 bene
1039 2434 1122 2490 novit
1139 2434 1264 2489 eruditio
1279 2442 1379 2491 vestra
1397 2436 1469 2506 quid
1483 2438 1554 2508 jura
1571 2445 1712 2512 praeseri·

484 2527 584 2586 portent
650 2518 731 2583 bunt,
752 2520 822 2590 quia
838 2518 983 2573 nonlicet
1007 2519 1227 2589 archiepiscopo
1245 2518 1293 2573 vel
1313 2520 1458 2592 episcopo,
1479 2522 1542 2577 sine
1561 2541 1711 2583 consensu

483 2574 623 2668 ffiihffth'
650 2602 722 2657 clcri
742 2603 787 2657 tel
806 2603 938 2658 ecclesiae
952 2620 1022 2666 suae,
1036 2602 1174 2657 derebus
1190 2602 1321 2658 eeclesias
1334 2604 1390 2658 sibi
1409 2606 1574 2662 commissae
1595 2609 1711 2682 aliquid

482 2676 637 2770 Ἠχὼ
651 2705 791 2757 magnum
808 2687 952 2750 ordinare,
972 2687 1122 2751 innovare,
1137 2687 1266 2742 alienare
1284 2688 1331 2742 vel
1351 2695 1475 2745 mutare.
1507 2690 1604 2748 Nulla
1619 2696 1710 2752 etiam

650 2771 775 2825 ecclesia
792 2770 966 2841 locupletari
984 2770 1072 2826 debet
1090 2788 1158 2825 cum
1176 2771 1299 2827 alterius
1320 2772 1445 2842 jactura.
1485 2772 1603 2842 Quanta
1620 2781 1711 2836 etiarn

649 2854 717 2910 inde
735 2855 872 2909 scandala
890 2855 1086 2925 provenerint,
1101 2860 1132 2910 et
1148 2873 1224 2910 nova
1242 2856 1474 2927 multiplicentur
1486 2859 1518 2913 in
1537 2859 1614 2928 dies,
1628 2866 1710 2922 orbis

650 2940 772 2993 Latinus
790 2939 910 3009 agnovit
928 2945 958 2993 ct
969 2938 1080 3009 Anglia
1097 2940 1276 3009 congemuit.
1309 2939 1353 2993 De
1369 2957 1403 2994 co
1415 2958 1485 2996 vero
1503 2944 1584 3013 quod
1597 2953 1710 3005 statum

651 3023 871 3079 cantuariensis
895 3023 1026 3077 ecelesia
1045 3023 1194 3078 contendit
1218 3031 1359 3089 evertere,
1380 3031 1410 3079 et
1427 3026 1526 3082 omnia
1549 3029 1581 3084 in
1600 3049 1709 3088 novam

650 3110 775 3163 sormam
801 3113 832 3163 et
856 3108 913 3162 sibi
932 3108 1071 3179 placitam
1090 3108 1308 3173 transformare,
1329 3127 1416 3179 quam
1442 3111 1483 3165 sit
1509 3113 1622 3170 rationi
1641 3135 1709 3172 con-

648 3192 782 3255 trarium,
802 3191 895 3246 omnis
915 3191 966 3261 qui
984 3191 1076 3253 audit,
1091 3191 1227 3246 advertit.
1266 3192 1398 3247 Rationis
1416 3211 1544 3266 namque
1564 3199 1639 3256 ordo
1658 3202 1710 3257 dc·

648 3276 751 3347 poscit,
771 3281 805 3330 ut
824 3276 874 3345 qui
894 3280 1005 3330 statuta
1023 3292 1077 3328 sua
1096 3293 1114 3328 a
1139 3276 1200 3329 suis
1220 3277 1438 3331 successoribus
1456 3278 1523 3334 vult
1540 3281 1707 3352 observari,

647 3363 711 3432 ipse
738 3359 988 3431 praedeeessorum
1014 3377 1135 3414 suorum
1162 3366 1273 3415 statuta
1298 3361 1507 3418 inviolabiliter
1526 3366 1617 3424 faeiat
1642 3389 1709 3427 eus-

648 3445 746 3500 todiri.

500 3675 617 3717 ipim,
903 3648 1040 3703 DXLIV.
1080 3647 1123 3700 Du
1142 3663 1269 3703 enarres
1289 3665 1437 3704 secessus

482 3728 610 3840 Ἧξὲῗξμῗ
684 3755 871 3809 innocentius
891 3755 1054 3825 episeopus,
1070 3773 1172 3808 servus
1192 3775 1344 3810 servorum
1363 3756 1427 3821 Dei,
1441 3761 1604 3814 venerabili
1619 3764 1706 3818 fratri

481 3840 613 3930 ἷὲφιυαῖπίε
648 3838 1017 3901 Hulrcrt0,0a11tuariensi
1045 3839 1274 3910 archiepiscope,
1296 3842 1421 3895 salutern
1451 3849 1481 3897 ct
1511 3847 1705 3914 apostolicam

480 3902 596 3991 biiaiffss
648 3921 886 3975 benedictionem.
925 3923 969 3975 Ex
997 3924 1204 3992 conquestione
1233 3925 1408 3980 dilectorum
1436 3927 1566 3982 filiorum
1594 3933 1705 4000 prioris

480 3995 627 4084 {ffigffi'ut
647 4015 676 4058 ct
695 4006 902 4059 monachorum
922 4006 1141 4060 cantuariensis
1161 4009 1293 4062 ecclesiis
1312 4011 1394 4064 nobis
1414 4011 1550 4075 innotuit,
1573 4015 1653 4083 quod
1672 4024 1704 4070 tu

481 4092 625 4170 tlreclrnrch·
646 4089 784 4144 ccclesias
804 4089 839 4142 de
859 4090 997 4143 maneriis
1011 4091 1150 4159 ipsorum,
1166 4111 1229 4162 qum
1250 4094 1394 4163 quondam
1414 4113 1430 4147 a
1448 4097 1571 4165 regibus
1582 4099 1704 4170 Anglizn

480 4155 596 4235 lima.
646 4192 713 4228 cu1n
732 4174 818 4227 terris
832 4180 861 4227 et
879 4173 945 4226 aliis
964 4174 1148 4243 pertinentiis
1169 4177 1239 4240 suis,
1255 4184 1284 4231 ct
1303 4197 1320 4231 a
1338 4179 1452 4232 catoris
1472 4179 1609 4236 fidelibus
1630 4184 1703 4255 ipsis

480 4251 633 4346 ffiss'tfi‘gm
646 4259 794 4313 monachis
807 4259 856 4328 pia
873 4258 1025 4312 devotione
1044 4259 1149 4313 collata
1167 4263 1293 4325 suerunt,
1315 4262 1392 4317 sient
1411 4264 1441 4316 in
1460 4282 1562 4317 corum
1581 4269 1703 4338 scriptis

479 4347 618 4423 ectheses
646 4344 819 4399 authenticis
846 4344 961 4413 plenius
988 4344 1163 4409 continetur,
1184 4353 1214 4399 ct
1238 4347 1327 4400 etiarn
1355 4366 1407 4417 per
1434 4349 1594 4420 privilegia
1623 4354 1703 4408 sedis

478 4400 532 4448 Μ’
646 4429 813 4499 apostolieae
832 4427 1010 4490 confirmata,
1032 4426 1062 4480 in
1090 4447 1180 4498 grate
1208 4429 1326 4483 illorum
1355 4432 1560 4502 praejudicium
1586 4435 1702 4493 detines

647 4525 676 4567 ct
700 4515 850 4583 resignare
881 4513 1051 4567 contemnis.
1089 4513 1229 4569 Veientes
1249 4515 1343 4585 igitur
1367 4516 1478 4570 eisdem
1498 4521 1652 4576 monachis
1673 4526 1703 4578 in

648 4617 700 4652 suo
723 4599 801 4669 jure,
822 4598 898 4652 sieut
923 4603 1067 4662 tenemur,
1088 4597 1199 4662 adesse,
1220 4600 1433 4654 fraternitatem
1460 4612 1541 4656 tuam
1560 4622 1702 4675 rogamus

647 4690 735 4752 atquo
747 4700 908 4747 monemus,
922 4701 974 4752 per
992 4683 1152 4753 apostoliea
1170 4685 1279 4755 scripta
1297 4686 1501 4755 praecipiendo,
1516 4690 1700 4756 mandantes,

647 4775 789 4837 quatenus
807 4768 962 4839 pradictus
982 4767 1119 4821 ecclesias
1139 4786 1206 4822 curn
1224 4770 1409 4839 pertinentiis
1426 4772 1498 4836 suiS,
1519 4792 1701 4846 conqueren-

646 4853 724 4907 tibus
743 4852 899 4906 restituere
917 4871 974 4906 non
993 4853 1118 4917 omittas,
1144 4854 1191 4906 rel
1216 4855 1304 4908 talem
1332 4855 1443 4909 eisdem
1467 4858 1700 4918 satisfactionem

647 4936 807 5007 impendas
828 4935 906 5006 quod
924 4941 1043 5007 propter
1064 4936 1118 4990 hee
1134 4937 1217 5006 justa
1237 4957 1294 4992 non
1321 4948 1470 4995 remancat
1487 4945 1614 5000 materia
1632 4966 1699 5003 con·

647 5021 797 5089 querendi.
835 5020 944 5074 Datum
964 5019 1111 5085 Laterani,
1132 5022 1182 5075 xii.
1203 5021 1341 5077 kalendas
1367 5024 1559 5094 Septembris,
1581 5033 1699 5100 pontifi·

646 5111 727 5158 catus
746 5103 839 5159 nostri
858 5121 931 5158 anno
951 5103 1086 5158 secunde.
