4192 6392
616 1187 681 1248 318
895 1199 1070 1248 nmseoue
1093 1198 1385 1258 ernmsmnnsss

463 1372 586 1469 effla.
616 1371 734 1428 arctiori
752 1371 944 1444 mancipetur.
981 1371 1052 1444 Ipso
1069 1389 1140 1430 vero
1157 1373 1206 1428 die
1223 1378 1291 1445 post
1307 1371 1475 1444 prandium,
1494 1370 1598 1442 ligetis
1616 1369 1666 1427 sub

471 1473 529 1518 Not,
539 1481 571 1521 14
614 1462 716 1512 ventre
742 1457 811 1528 oqui
836 1456 961 1528 pedibus
987 1457 1062 1527 ejus,
1082 1475 1149 1512 cum
1172 1458 1268 1513 multe
1287 1462 1467 1512 armatorum
1484 1473 1576 1510 menn
1594 1453 1668 1527 opud

445 1534 590 1628 {ferm
615 1542 745 1598 Tenhem
772 1541 878 1598 duetus
904 1549 967 1597 esti
997 1542 1124 1612 quidde
1143 1560 1177 1597 eo
1203 1542 1327 1597 fecerint
1349 1542 1466 1615 penitus
1487 1540 1666 1612 ignoremus.

445 1591 598 1730 memin-
613 1625 661 1680 Ab
677 1643 711 1681 eo
729 1624 875 1698 siquidem
899 1631 1031 1698 tempore
1056 1627 1166 1683 arctius
1190 1633 1276 1682 nocte
1299 1627 1406 1698 dieque
1425 1644 1527 1682 sumus
1547 1625 1666 1690 obsessi,

445 1691 573 1785 „025⁸”ss
614 1709 645 1764 in
669 1715 784 1766 tentum
809 1715 844 1765 ut
870 1709 895 1764 si
921 1710 1029 1781 aliquis
1057 1711 1095 1766 ed
1112 1727 1165 1766 nos
1190 1711 1226 1766 de
1244 1711 1353 1767 nostris
1372 1711 1506 1776 intraret,
1526 1711 1586 1766 nisi
1604 1710 1669 1766 dre

445 1787 560 1883 mih!
613 1794 671 1849 fide
689 1793 767 1865 quod
784 1811 842 1848 non
859 1801 1066 1860 reverteretur,
1087 1795 1178 1850 donee
1198 1795 1275 1849 inter
1296 1813 1349 1850 nos
1368 1801 1398 1850 et
1416 1795 1668 1867 arehiepiscopum

445 1850 572 1938 rigidis
612 1897 669 1951 per
687 1884 774 1944 esset,
794 1879 890 1933 denuo
906 1897 965 1934 non
983 1879 1085 1934 exiret.
1125 1879 1271 1935 Similiter
1288 1886 1319 1934 et
1336 1879 1373 1934 de
1390 1879 1429 1935 iis
1448 1879 1500 1950 qui
1517 1879 1667 1935 nobiscum

463 1939 583 1998 (mni
612 1968 703 2029 erent,
733 1963 759 2017 si
784 1963 894 2018 vellent
920 1963 1009 2028 exiro,
1041 1963 1151 2019 iterum
1177 1981 1234 2018 non
1262 1963 1414 2019 intrarent.
1464 1963 1494 2019 A
1522 1963 1572 2018 die
1601 1980 1669 2020 vero

614 2047 714 2102 Sancti
726 2047 849 2103 Martini
868 2065 962 2118 usquo
980 2048 1018 2103 ed
1036 2048 1203 2119 proximem
1221 2048 1301 2103 diem
1312 2047 1428 2112 Martis,
1441 2066 1479 2103 ne
1491 2046 1576 2104 cibus
1587 2048 1668 2104 nobis

534 2159 537 2166 ⁴
576 2137 779 2202 *portaretur
804 2130 922 2203 publico
949 2132 1046 2186 edicto
1071 2131 1255 2203 prohibitum
1280 2137 1334 2187 est.
1373 2131 1419 2187 De
1445 2131 1506 2187 illis
1530 2149 1602 2190 vere
1620 2131 1668 2205 qui

611 2233 664 2271 nos
691 2215 834 2281 obsident,
854 2222 889 2272 ut
913 2216 1033 2281 dieitur,
1054 2217 1149 2271 ferme
1174 2217 1330 2287 quingenti
1347 2216 1481 2272 homines
1500 2222 1580 2284 sunt,
1600 2235 1667 2289 quc·

611 2317 678 2354 rum
705 2301 830 2372 quisque
855 2300 907 2372 qui
934 2301 1059 2356 loricam
1076 2300 1166 2356 hebet
1184 2301 1311 2372 singulis
1330 2300 1434 2356 diebus
1452 2318 1506 2373 pro
1525 2301 1669 2373 stipendio

612 2391 737 2456 quatuor
763 2385 898 2479 denurips
924 2385 961 2439 de
987 2384 1153 2440 redditibus
1181 2385 1291 2440 nostris
1309 2385 1434 2456 ecoipit3
1455 2385 1507 2457 qui
1525 2403 1598 2441 vero
1612 2403 1668 2441 uon

593 2462 707 2535 'hebet
739 2470 823 2525 duos.
857 2468 1052 2541 (Custodiunt
1081 2475 1180 2525 eutem
1210 2487 1311 2526 omnes
1348 2470 1444 2525 exitus
1480 2469 1612 2526 civitatis
1640 2473 1669 2524 et

610 2554 700 2618 vicos,
720 2551 752 2607 in
769 2558 883 2608 tentum
901 2559 936 2607 ut
953 2553 980 2608 si
998 2552 1106 2624 aliquis
1125 2553 1162 2608 de
1180 2553 1301 2608 civitate
1318 2559 1416 2619 noctu,
1431 2553 1532 2624 ulique
1545 2554 1669 2610 necessi·

610 2642 670 2693 tote
689 2637 867 2708 compulsus,
887 2636 1007 2691 domum
1032 2636 1212 2708 egredietur,
1233 2636 1333 2692 stetim
1357 2637 1473 2708 capitur
1491 2643 1522 2692 et
1540 2637 1608 2709 quis
1632 2636 1668 2694 sit

610 2721 819 2793 interrogetur,
840 2729 871 2777 et
897 2721 1017 2793 cognito
1044 2721 1123 2792 quod
1150 2738 1208 2776 non
1238 2722 1277 2777 sit
1306 2723 1466 2777 monachus
1495 2721 1544 2777 vel
1570 2739 1667 2778 mone-

610 2806 733 2861 chorum
763 2805 894 2861 serviens
923 2805 1094 2861 dimittitur.
1142 2805 1298 2876 Peregrini
1335 2805 1387 2876 qui
1423 2805 1461 2860 ed
1496 2807 1667 2861 memoriam

612 2889 711 2946 Sancti
729 2890 848 2945 Thomae
871 2890 1002 2954 veniunt,
1022 2890 1055 2943 in
1072 2889 1222 2944 redeundo
1247 2908 1266 2944 e
1288 2889 1432 2945 ministris
1456 2888 1667 2963 archiepiscopi

443 2974 807 3045 rheprioressexplorentur.
864 2973 924 3028 Sed
953 2978 983 3027 et
1012 2972 1155 3044 priorisse
1184 2972 1221 3027 de
1250 2972 1409 3044 Mellinges
1439 2990 1507 3029 eum
1543 2974 1668 3046 quedem

441 3031 571 3126 ffifflffl
609 3059 751 3114 monache
781 3075 835 3113 sue
864 3058 926 3112 fere
957 3074 1052 3128 usque
1083 3056 1121 3111 ed
1147 3057 1260 3112 nudum
1289 3063 1336 3115 est
1364 3059 1523 3130 explorate,
1556 3059 1611 3115 sed
1639 3063 1668 3114 et

440 3133 597 3240 ffiffi'f
610 3142 737 3198 foeminae
764 3141 906 3196 intrantes
932 3157 1033 3195 omnes
1052 3140 1250 3211 explorentur,
1278 3159 1315 3196 ne
1338 3142 1410 3212 quid
1435 3143 1493 3198 cibi
1521 3143 1691 3219 efferrentj

440 3233 557 3280 muse.
609 3227 668 3282 Uni
685 3231 801 3282 tentum
824 3224 861 3279 de
885 3223 1082 3279 servientibus
1106 3225 1225 3289 nostris,
1246 3225 1364 3295 Rogero
1382 3226 1522 3283 videlieet
1540 3227 1667 3283 (10Ηοὶ-

607 3311 687 3377 lend‚
717 3311 755 3366 sd
778 3309 858 3366 cibos
885 3313 1001 3364 nostros
1027 3308 1165 3364 emendos
1192 3308 1240 3363 die
1267 3309 1374 3365 Martis
1400 3311 1470 3365 licet
1494 3312 1585 3378 exire,
1618 3310 1668 3368 sed

608 3396 683 3451 nulli
714 3394 774 3451 elii.
824 3393 904 3448 Dum
934 3393 1029 3448 edhue
1062 3394 1168 3449 fretres
1206 3393 1364 3449 Londoniie
1401 3402 1493 3461 erent,
1532 3396 1667 3451 omnibus

441 3477 557 3574 {limis
608 3479 804 3545 audientibus,
825 3478 916 3549 Hugo
928 3477 965 3532 de
983 3477 1126 3533 Nunenth
1144 3478 1219 3532 dixit
1236 3477 1275 3532 ed
1292 3496 1405 3549 regem,
1427 3482 1446 3507 “
1461 3479 1588 3535 Domine
1605 3499 1664 3545 rer,

440 3558 551 3623 inivisse)
610 3565 675 3618 “si
700 3565 790 3619 vultis
816 3564 889 3616 mihi
917 3562 1046 3627 credere,
1079 3563 1157 3617 infre
1182 3563 1255 3617 duos
1286 3581 1401 3618 menses
1432 3563 1464 3617 in
1490 3564 1574 3619 nulle
1600 3564 1666 3620 sede

439 3631 551 3684 tlreking.
609 3649 807 3720 “episcopali
843 3648 873 3700 in
907 3665 1001 3717 reguo
1032 3653 1133 3703 vestro
1164 3648 1221 3701 erit
1251 3647 1358 3717 uliquis
1389 3649 1560 3714 monachus,
1600 3649 1666 3721 quie

609 3734 759 3803 “justum
796 3749 853 3784 non
891 3731 967 3794 ost,’'
1004 3737 1034 3784 et
1071 3731 1189 3801 adjecit,
1230 3731 1396 3785 “Monechi
1432 3732 1469 3786 ed
1505 3733 1664 3788 diabolos.''

608 3817 742 3888 Cumque
761 3815 984 3870 ostenderentur
1002 3815 1110 3869 litterae
1130 3814 1297 3879 cardinalis,
1312 3817 1549 3872 acclamaverunt
1567 3836 1665 3873 omnes

607 3902 746 3963 dicentes,
774 3899 877 3966 “Quis
905 3905 949 3952 est
979 3899 1096 3970 legatus
1124 3899 1197 3953 illei
1223 3906 1253 3953 ot
1278 3900 1356 3954 unde
1382 3900 1519 3972 legatus?
1547 3903 1665 3973 etquid

609 3989 627 4013 “
647 4004 752 4040 nomen
770 3981 884 4053 ejusi”
910 3982 949 4036 Et
967 4000 1027 4046 rex,
1044 3983 1144 4050 “Quis
1163 3984 1276 4038 ostilio
1297 3983 1435 4053 legetusi'
1454 3991 1536 4040 estne
1548 3987 1663 4059 legetur

609 4074 627 4097 ‘¹
647 4067 813 4140 Anglire?”
851 4067 890 4120 Et
914 4067 955 4120 eit
979 4066 1134 4132 Roffensis,
1166 4068 1362 4137 “Antequam
1385 4069 1535 4123 licentiam
1554 4071 1664 4125 domini

608 4159 626 4183 ‘⁶
654 4155 734 4224 regis
752 4152 858 4206 hubcet
885 4150 1011 4204 intrandi
1030 4151 1061 4204 in
1088 4169 1224 4221 regnum,
1243 4170 1301 4205 non
1319 4157 1416 4222 potest
1434 4171 1498 4208 osse
1517 4154 1663 4225 legatus.’‘

438 4235 530 4330 Πιῖἃηᾱ
606 4237 719 4293 Deinde
744 4234 917 4298 CestrensiS,
940 4234 1049 4288 “Cum
1073 4234 1222 4289 licentium
1242 4235 1352 4290 domini
1370 4236 1450 4307 regis
1469 4237 1615 4303 hebuerit,
1635 4246 1665 4293 et

437 4299 547 4382 iudiciiin
609 4327 627 4349 “
647 4322 760 4376 venerit
779 4339 846 4375 cum
865 4317 1041 4388 insignibus,
1063 4325 1132 4373 tune
1145 4320 1202 4374 erit
1214 4320 1340 4390 legatus,
1356 4321 1408 4375 sed
1420 4327 1486 4376 unte
1500 4322 1575 4376 nibil
1587 4323 1664 4377 vele·

436 4402 474 4431 Μ
519 4393 551 4433 *⁸¹³
607 4411 626 4435 ‘⁴
646 4408 690 4461 bit
708 4405 786 4476 quod
805 4403 937 4458 iecerit,”
957 4403 996 4457 Et
1014 4403 1193 4474 respondens
1213 4403 1362 4459 Oestrensi
1386 4405 1593 4461 Bethonionsis
1612 4407 1661 4470 eit,

438 4441 478 4482 the
497 4445 568 4492 eunte,

437 4492 530 4584 ffilghss
607 4495 626 4518 “
647 4492 771 4544 Domine
790 4488 935 4559 episcope,
950 4488 1005 4541 etsi
1024 4505 1081 4541 non
1099 4493 1196 4558 potest
1214 4488 1330 4558 legatus
1349 4507 1413 4543 csso
1425 4488 1552 4559 Angliee,
1568 4495 1664 4561 potest

437 4556 530 4636 ornain
607 4578 626 4602 ‘⁶
646 4583 743 4629 tumen
761 4575 877 4644 legatus
895 4572 983 4643 hujus
1002 4589 1067 4626 esse
1080 4590 1184 4636 censor,
1198 4572 1275 4627 sicut
1293 4590 1348 4643 ego
1366 4573 1414 4635 uel
1426 4579 1468 4636 tu,
1484 4574 1508 4627 si
1528 4573 1662 4629 domiuus

437 4645 555 4688 ΝΜ
608 4662 627 4686 “
647 4677 722 4730 pepe
739 4658 823 4712 nobis
842 4655 1040 4727 delegassetf·
1078 4656 1153 4711 Cum
1175 4656 1269 4725 igitur
1294 4658 1400 4711 fratres
1419 4657 1511 4711 nostri
1530 4665 1663 4727 peterent

438 4693 464 4734 th
503 4726 509 4737 .

466 4706 501 4736 nn
605 4743 738 4797 inducias
757 4741 926 4796 consulendi
945 4748 1131 4804 conventum,
1147 4747 1176 4794 ct
1188 4741 1308 4794 domum
1320 4742 1477 4804 venissent,
1492 4742 1522 4795 in
1535 4744 1662 4798 crastino

437 4824 555 4917 {lffiifff
605 4833 749 4881 venerunt
784 4826 823 4878 H.
856 4826 892 4878 de
924 4823 1089 4888 Cornhelle,
1122 4825 1295 4888 vicecomes,
1327 4831 1357 4879 ct
1389 4825 1489 4879 clerici
1521 4828 1602 4898 regis
1633 4833 1661 4883 et

436 4925 566 4968 thorneie
605 4911 770 4965 mareseuili
801 4927 868 4963 cnm
901 4926 944 4970 ee,
975 4914 1005 4961 et
1040 4908 1140 4962 clerici
1172 4908 1382 4978 archiepiscopi
1415 4909 1514 4973 simul,
1547 4911 1660 4966 litterae

436 4976 592 5072 iss’fflffiss‘
605 4995 715 5049 domini
752 4993 833 5064 rogis
870 4991 1025 5046 conventui
1062 4993 1246 5064 porrigentes
1285 5010 1409 5063 quarum
1448 4995 1660 5066 transcriptum
1671 4989 1770 5049 Now

436 5076 549 5130 thcking.
605 5079 689 5133 vobis
717 5076 954 5133 transmittimus
1002 5075 1130 5147 Scripsit
1157 5077 1245 5132 etiem
1272 5077 1387 5132 civibus
1415 5077 1592 5143 Gentueriae,
1628 5087 1660 5134 nt

605 5162 700 5232 pnruti
717 5168 817 5216 esseut
836 5178 903 5215 cum
922 5161 1095 5216 vicecomite
1114 5168 1144 5216 et
1170 5161 1314 5216 ministris
1340 5162 1402 5217 suis
1429 5162 1465 5216 ed
1492 5163 1656 5220 faciendum
