4192 6392
612 1167 677 1230 320
892 1180 1065 1229 sersronn
1087 1180 1376 1242 emmerammus,

460 1492 581 1585 affirma.
612 1480 804 1536 cccxxxi.
826 1480 957 1535 Joniuui
976 1479 1134 1534 Amorne
1152 1494 1186 1532 nr
1205 1493 1310 1532 marro
1329 1477 1495 1534 Grummus
1514 1494 1658 1534 surmmn.

442 1593 565 1698 dm*
645 1609 792 1664 Mittimus
818 1607 965 1663 sanctitati
983 1613 1089 1661 vestrm
1108 1607 1221 1662 litteras
1245 1614 1405 1663 conventus
1429 1607 1522 1662 nostri
1541 1608 1581 1663 ad
1598 1626 1659 1671 vos,

440 1707 556 1757 perorsos-
610 1698 641 1748 et
658 1693 783 1747 fratrum
811 1692 936 1746 aliorum
961 1690 999 1745 ad
1023 1708 1077 1744 nos
1102 1690 1239 1745 directas.
1277 1690 1314 1744 In
1341 1691 1448 1762 quibus
1474 1691 1659 1747 afflictionem
1670 1697 1760 1744 uocem

441 1755 566 1850 ffiff
610 1775 740 1830 ecclesiae
760 1774 979 1829 cantuariensis
1006 1774 1140 1844 poteritis
1166 1774 1284 1838 intueri,
1310 1781 1340 1829 et
1358 1780 1556 1845 contemptum
1582 1774 1659 1830 sedis

441 1857 588 1901 theoonvent
609 1858 775 1930 apostolicae
792 1858 1037 1929 patentissimum.
1074 1857 1133 1912 Res
1158 1857 1235 1911 enim
1253 1875 1353 1912 omnes
1372 1857 1480 1913 iterum
1498 1857 1575 1914 datia
1593 1865 1661 1914 sunt

439 1907 597 2010 affinga
609 1943 639 1996 in
657 1940 860 2013 direptionem,
880 1942 912 1996 in
928 1959 1047 1996 manum
1065 1941 1171 2012 prioris
1184 1940 1261 2005 novi,
1277 1959 1342 2011 quae
1355 1939 1392 1995 ad
1403 1940 1518 1995 nullum
1530 1960 1660 2014 unquam

439 2007 522 2102 Q?
528 2010 596 2054 ”¹⁸¹⁰
608 2025 736 2096 priorem
754 2025 947 2096 pertinebant.
975 2024 1113 2079 Personae
1133 2025 1290 2096 praecipuae
1303 2024 1357 2079 sub
1369 2026 1550 2096 protectione
1562 2032 1661 2082 vestra

610 2116 662 2164 aut
679 2115 772 2180 captae
790 2116 843 2164 aut
859 2110 1047 2164 incarceratae
1066 2114 1142 2172 sunt,
1163 2115 1215 2163 aut
1240 2114 1341 2163 contra
1368 2107 1520 2164 decretum
1544 2119 1659 2182 aposto·

607 2192 698 2247 licum
716 2193 981 2256 excommunicate,
1002 2193 1092 2246 immo
1111 2197 1140 2246 et
1157 2198 1219 2246 tota
1236 2192 1436 2263 congregatio,
1463 2193 1540 2248 sicut
1565 2195 1658 2266 prius,

607 2294 695 2330 manu
713 2283 825 2332 armata
842 2277 970 2332 obsessa.
1007 2275 1201 2339 Miseremini,
1227 2282 1319 2346 pater,
1341 2277 1414 2330 etsi
1434 2277 1505 2347 quid
1524 2278 1658 2349 potestis,

607 2360 743 2430 adjuvate
766 2378 829 2415 nos.
864 2360 1005 2415 Accedite
1031 2365 1061 2414 et
1089 2359 1259 2423 accelerate,
1278 2377 1316 2413 ne
1342 2359 1379 2416 de
1398 2361 1532 2415 manibus
1552 2362 1658 2417 vestris

607 2444 727 2513 sanguis
745 2462 909 2516 pauperum
927 2443 1105 2515 requiratur,
1126 2443 1163 2497 ad
1181 2460 1306 2513 quorum
1332 2443 1535 2498 liberationem
1554 2445 1659 2500 directi

607 2527 688 2582 estis.
743 2527 895 2582 Noveritis
924 2533 1022 2581 autem
1053 2527 1124 2596 quia
1159 2526 1310 2581 dominum
1346 2526 1381 2581 G.
1415 2527 1507 2582 Tutor
1543 2528 1659 2584 obviam

605 2611 753 2674 habentes,
769 2611 961 2682 quaesivimus
973 2616 1074 2664 utrum
1094 2617 1227 2680 speraret
1239 2610 1355 2665 omnino
1374 2628 1476 2681 regem
1494 2613 1558 2683 pati
1570 2612 1657 2676 velle,

606 2700 640 2748 ut
657 2694 822 2749 transiretis
841 2712 894 2765 per
912 2701 1022 2749 terram
1041 2693 1105 2763 ejus
1124 2694 1156 2747 in
1173 2692 1321 2764 Angliam.
1373 2693 1484 2762 Quibus
1509 2697 1659 2767 respondit

607 2794 638 2830 se
656 2778 737 2832 nullo
754 2777 841 2832 modo
859 2777 939 2832 aliud
958 2776 1078 2831 eredere
1096 2794 1190 2848 neque
1210 2776 1442 2847 superdubitare.
1479 2779 1542 2834 Nos
1562 2787 1658 2834 tamen

605 2860 795 2916 nihilominus
814 2860 851 2914 ad
869 2878 971 2932 regem
990 2860 1122 2914 Francia}
1135 2878 1202 2914 cum
1215 2861 1322 2915 litteris
1334 2863 1442 2916 vestris
1455 2880 1656 2934 properamus,

605 2945 664 2998 cito
682 2944 881 2999 renunciaturi
899 2943 982 2999 vobis
1002 2961 1068 3014 quae
1087 2944 1296 3015 acceperimus.
1346 2945 1391 2998 De
1419 2946 1485 3000 aliis
1505 2965 1577 3002 vero
1595 2967 1658 3020 per·

606 3027 694 3091 sonis,
724 3028 830 3083 comite
854 3027 993 3082 videlieet
1016 3026 1164 3082 Flandriae
1195 3035 1225 3083 et
1255 3029 1404 3084 eomitissa
1433 3030 1574 3095 Baloniae,
1605 3050 1657 3086 nee

605 3112 734 3182 cogitare
752 3112 860 3167 velitis.
897 3109 1012 3166 Valete.

462 3374 554 3468 Nm
617 3360 822 3419 cccxxxii.
862 3362 1263 3420 Ocuvnum10anrum1nusr
1283 3362 1448 3420 Gnumruus
1468 3379 1656 3422 serenicum

514 3455 520 3466 ·
554 3457 560 3469 ·
1058 3463 1130 3501 soon
1149 3463 1204 3503 sm.

437 3590 546 3654 Tbesub·
642 3581 725 3635 Sicut
742 3581 824 3634 robis
843 3580 914 3633 alias
934 3580 1174 3650 significavimus,
1195 3579 1297 3635 dilatio
1319 3582 1417 3635 nuncii
1437 3581 1547 3635 domiui
1567 3583 1656 3654 legati

437 3654 557 3734 fflffi,
606 3666 758 3735 negotium
776 3670 909 3717 nostrum
928 3663 1053 3725 distulit,
1076 3670 1106 3716 et
1124 3663 1187 3732 ejus
1207 3663 1348 3718 adventus
1368 3665 1503 3719 absolvit.
1551 3666 1655 3720 Statim

435 3744 682 3841 fflssffitssffllenim
714 3754 747 3800 ut
772 3747 884 3800 litteras
913 3745 1022 3799 domini
1051 3747 1130 3815 regis
1157 3747 1192 3800 de
1219 3747 1355 3817 ingressu
1383 3766 1436 3802 suo
1461 3750 1492 3802 in
1518 3749 1656 3819 Angliam

437 3843 563 3886 hosianna
606 3832 725 3901 accepit,
747 3836 777 3884 ct
794 3838 907 3885 vestras
929 3829 965 3882 de
983 3830 1135 3883 vocatione
1153 3837 1263 3894 nostra,
1279 3850 1346 3885 enm
1359 3833 1467 3886 litteris
1486 3833 1655 3903 hujusmodi

436 3894 573 3994 ffl‘ssing
605 3935 656 3968 nos
683 3916 804 3972 dimisit.
833 3914 869 3967 de
893 3914 1047 3984 principali
1076 3916 1194 3984 negotio
1224 3921 1319 3969 totum
1347 3916 1536 3986 suspendens,
1564 3936 1656 3987 usque

436 3994 575 4088 {gsshfflff
605 4001 730 4053 officium
750 4017 835 4052 suum
854 4000 884 4051 in
903 3999 1021 4068 propria
1038 4016 1163 4067 persona
1181 4005 1350 4068 exequatur.
1399 4000 1466 4053 Nisi
1486 4002 1563 4053 enim
1582 4002 1657 4055 falli-

436 4099 571 4157 ‹ausounm
605 4102 679 4143 mur,
701 4101 717 4136 a
736 4085 828 4135 somna
846 4082 974 4135 mandati
994 4083 1146 4151 apostolici
1168 4101 1223 4136 non
1245 4083 1363 4146 recedit,
1385 4084 1436 4136 sed
1455 4086 1553 4137 omnia
1580 4104 1656 4155 qum-

437 4145 570 4190 hisarnvar.
604 4186 718 4237 cunque
734 4167 875 4236 jubentur
894 4166 1036 4235 implebit.
1088 4166 1170 4232 Quod
1189 4174 1286 4219 autem
1306 4166 1420 4221 domino
1439 4168 1656 4239 archiepiscopo

603 4253 759 4321 benignius
773 4251 900 4303 scribere
919 4249 1046 4310 videtur,
1066 4267 1124 4303 non
1142 4250 1299 4314 miremini,
1321 4252 1389 4320 qiua
1408 4252 1531 4304 formam
1546 4253 1656 4321 judicis

603 4355 658 4389 nou
678 4335 799 4398 excedit,
821 4335 872 4404 qui
891 4334 1009 4403 utrique
1037 4334 1113 4403 parti
1138 4334 1188 4403 jus
1217 4352 1302 4387 suum
1329 4335 1451 4388 reddero
1474 4342 1599 4400 tenetur,
1628 4350 1657 4389 et

602 4422 675 4474 nulli
703 4438 823 4491 prorsus
848 4419 993 4487 denegare
1024 4418 1180 4487 justitiam.
1219 4417 1280 4471 Vos
1307 4418 1416 4487 itaque,
1444 4419 1552 4473 litteris
1584 4438 1655 4489 qiras

602 4506 746 4559 mittimus
775 4504 933 4572 diligenter
954 4502 1103 4571 inspectis,
1133 4500 1204 4570 quid
1229 4503 1305 4555 sacto
1334 4520 1406 4571 opus
1427 4503 1465 4555 sit
1484 4503 1655 4565 deliberate,

602 4596 701 4642 utrum
719 4585 952 4641 videlieetrobis
972 4585 1108 4639 standum
1128 4585 1166 4637 sit
1185 4603 1220 4637 au
1239 4586 1494 4649 transmeandum
1515 4589 1656 4658 principis

602 4673 731 4726 animum
751 4669 932 4742 pensandum
950 4687 1010 4739 prm
1030 4669 1106 4722 aliis.
1145 4667 1207 4721 Nos
1227 4670 1305 4721 euim
1323 4671 1418 4739 parati
1439 4688 1540 4732 erimus
1560 4673 1655 4726 facere

602 4757 782 4810 voluntatem
800 4761 939 4814 vestram,
959 4758 989 4806 et
1007 4752 1138 4806 consiliis
1158 4753 1264 4805 restris
1293 4753 1492 4822 adquiescere.
1515 4756 1656 4826 quicquid

602 4842 684 4894 uobis
711 4839 878 4908 contingat:
910 4844 943 4890 ut
969 4848 1067 4889 autem
1093 4837 1263 4890 advocatum
1295 4837 1448 4890 nobiscum
1476 4838 1655 4893 adducamus

602 4943 692 4977 unum
710 4925 757 4977 rel
776 4923 886 4993 plureS,
907 4938 1024 4989 operam
1044 4920 1178 4974 dabimus
1199 4939 1251 4990 per
1270 4920 1324 4973 Dei
1345 4923 1471 4988 gratiam
1499 4923 1654 4977 efficacem.

601 5008 704 5079 Itaque
731 5015 896 5061 constantes
915 5011 1006 5058 estote
1026 5012 1055 5058 et
1074 5012 1239 5059 constanter
1266 5007 1355 5073 agite,
1385 5008 1454 5076 quia
1480 5008 1582 5062 beatus
1608 5010 1755 5069 virserem.

603 5092 652 5160 qui
671 5090 790 5143 confidit
809 5091 838 5142 in
859 5088 993 5148 Domino,
1014 5094 1044 5141 et
1063 5089 1120 5141 erit
1139 5089 1281 5143 Dominus
1302 5090 1408 5143 fiducia
1427 5091 1499 5158 ejus.
1537 5091 1651 5147 Valate.
1666 5077 1686 5118 ⁷·
