4192 6392
612 1168 677 1231 128
890 1178 1061 1231 russone
1084 1177 1378 1244 esmusnmnsm,

463 1356 585 1452 mitiss.
611 1353 720 1408 domini
741 1360 771 1410 et
797 1355 888 1427 patris
913 1357 1015 1421 nostri,
1036 1375 1161 1430 quorum
1178 1357 1312 1413 manibus
1330 1356 1480 1421 eaeffimur,
1501 1354 1554 1411 sed
1580 1355 1662 1410 illius

545 1422 578 1464 '7'
610 1438 733 1504 viribus,
754 1439 832 1510 quod
850 1441 947 1496 omnia
963 1442 1108 1514 rescripta
1125 1459 1191 1513 quos
1209 1459 1227 1496 a
1245 1440 1314 1498 sede
1331 1441 1492 1512 apostolica
1508 1457 1562 1511 pro
1580 1457 1663 1511 repe·

609 1520 721 1576 ratione
738 1528 838 1578 nostra
854 1524 992 1580 Urbanus
1009 1544 1085 1597 papa
1103 1525 1237 1596 quamvis
1256 1525 1382 1581 inaniter
1399 1524 1508 1589 emisit,
1521 1524 1555 1578 in
1571 1522 1663 1579 verbo

609 1623 667 1661 uno
685 1624 773 1677 quarn
797 1608 937 1664 facillime
963 1615 1160 1674 cassaverunt,
1180 1609 1265 1681 quasi
1290 1609 1493 1665 auctoritatem
1518 1607 1586 1663 inde
1613 1625 1662 1663 sn·

442 1687 596 1782 ffiffim
608 1696 721 1747 mentes
739 1697 771 1747 et
790 1692 950 1748 audaciam.
986 1694 1101 1750 Verum
1125 1694 1157 1750 in
1182 1694 1358 1767 paternitate
1382 1699 1483 1749 restra
1500 1697 1661 1764 sperantes,

441 1788 517 1832 ruitae
524 1801 589 1842 pope.
609 1774 697 1830 etiam
722 1774 749 1831 si
766 1793 819 1832 nos
844 1777 994 1842 occiderit,
1015 1796 1075 1833 non
1092 1779 1244 1834 credentes
1262 1777 1361 1849 aliquo
1388 1775 1475 1833 modo
1498 1793 1662 1848 pauperum

610 1863 641 1913 et
663 1876 871 1930 oppressorum
888 1860 1083 1917 conditionem
1110 1880 1147 1917 ex
1163 1861 1345 1933 promotione
1368 1867 1468 1917 vestra
1491 1859 1557 1914 fieri
1575 1876 1662 1930 posse

608 1939 794 2009 deteriorem,
808 1943 846 1998 od
863 1944 961 2000 sinum
979 1945 1142 2001 clementias
1160 1951 1267 2000 vestrae
1278 1943 1474 2015 confugimus,
1488 1942 1663 2015 suppliciter

608 2025 802 2092 obsecrantes,
815 2033 850 2083 nt
860 2028 908 2083 vel
919 2046 996 2084 nunc
1014 2046 1081 2084 cum
1093 2028 1260 2085 immanitas
1278 2027 1387 2084 doloris
1404 2027 1525 2082 modum
1537 2025 1660 2091 excedit,

608 2126 662 2164 nec
687 2110 887 2182 permittimur
911 2111 949 2168 od
975 2112 1154 2169 audientiam
1179 2117 1309 2168 vennam
1339 2110 1488 2183 querelam
1518 2110 1660 2182 perferre,

466 2184 569 2230 ΜΝ·
607 2199 660 2248 ant
672 2192 750 2264 juris
768 2194 880 2266 publici
897 2196 1064 2251 subsidium
1081 2201 1226 2267 expetere,
1241 2196 1312 2250 dum
1329 2193 1424 2250 adhue
1443 2192 1565 2266 spiritus
1577 2194 1662 2265 quasi

440 2272 564 2368 ffilffi
608 2284 755 2334 extremus
772 2279 896 2351 palpitat
912 2280 944 2334 in
961 2285 1087 2351 pectore,
1105 2280 1269 2335 remedium
1292 2278 1492 2335 laborantibus
1510 2277 1587 2333 ferre
1604 2295 1663 2333 non

440 2376 567 2418 notator·
608 2361 759 2428 differatis,
778 2379 816 2417 ne
834 2381 900 2419 sero
918 2364 958 2419 sit
974 2364 1062 2429 velle,
1082 2382 1149 2420 cum
1163 2364 1227 2436 jam
1250 2369 1301 2419 aut
1318 2362 1432 2434 expulsi
1450 2361 1593 2418 fuerimus
1611 2368 1663 2417 ant

440 2424 574 2470 mmm·
607 2445 683 2500 fame
701 2448 876 2519 consumpti.
913 2447 991 2517 Quid
1015 2449 1095 2503 enirn
1121 2447 1202 2503 aliud
1226 2445 1435 2520 expectemus?
1472 2445 1584 2515 Quibus
1608 2463 1662 2501 nco

608 2530 670 2586 suis
688 2529 830 2596 utilicet,
849 2531 957 2586 neceb
975 2531 1042 2587 aliis
1061 2531 1200 2587 alimenta
1222 2530 1397 2586 mendicare.
1435 2529 1475 2585 nt
1492 2529 1567 2585 forte
1591 2528 1662 2585 dum

606 2613 670 2669 haic
687 2613 808 2669 auribus
825 2614 934 2669 vestris
946 2614 1128 2680 intimantur,
1142 2613 1279 2670 accidunt
1291 2613 1465 2684 omniaque
1477 2612 1661 2670 verebamur.

606 2697 647 2753 Et
664 2698 792 2768 quidem,
812 2698 927 2753 domine
953 2698 1124 2763 reverende,
1144 2698 1230 2754 facile
1257 2702 1336 2753 esset
1359 2697 1445 2753 nobis
1470 2715 1508 2752 ex
1530 2696 1663 2753 ecclesis

608 2789 715 2839 nostrai
742 2782 912 2838 discrimine
939 2783 1048 2838 clausis
1075 2782 1168 2839 oculis
1196 2782 1251 2838 sub
1276 2782 1394 2838 silentio
1420 2781 1581 2852 praeterire,
1609 2781 1663 2837 sed

607 2884 710 2922 manus
727 2872 842 2923 nostras
860 2866 908 2922 vel
934 2866 1141 2922 consentiendo
1166 2868 1268 2921 funere
1293 2872 1426 2921 materno
1451 2864 1663 2921 commaculare

440 2967 569 3022 'rneynsvs
608 2949 755 3006 credimus
781 2951 897 3006 omnino
924 2950 1097 3006 damnabile.
1144 2949 1229 3006 Unde
1254 2968 1316 3021 prae
1341 2950 1435 3005 oculis
1464 2949 1604 3005 habentes
1631 2949 1663 3005 in

440 3020 584 3114 ffi‘ffgffd
608 3039 737 3105 martyre
754 3040 855 3090 nostro
881 3034 1019 3107 glorioso,
1040 3041 1071 3091 et
1093 3034 1223 3090 laborem
1249 3034 1416 3089 certaminis
1443 3040 1474 3088 et
1498 3032 1663 3088 mercedem

438 3121 584 3216 mm
607 3117 726 3183 laboris,
745 3118 892 3173 malumus
910 3124 942 3174 et
958 3117 1055 3189 gratia
1077 3117 1199 3189 juvante
1226 3117 1410 3174 decrevimus
1433 3116 1556 3173 calicem
1573 3134 1663 3188 quem

439 3225 568 3266 mmm
608 3199 723 3257 dederit
740 3201 883 3258 Dominus
900 3219 954 3274 pro
972 3202 1066 3274 ipsius
1084 3201 1186 3257 bibere
1203 3200 1380 3266 defensione,
1394 3218 1483 3272 quam
1500 3199 1664 3255 animarum

440 3271 592 3368 {igndffiff
608 3292 774 3342 nostrarum
792 3285 1001 3342 detrimentum
1019 3288 1125 3342 facere.
1160 3285 1345 3341 Miseremini
1362 3302 1443 3357 ergo,
1457 3290 1540 3357 pater
1552 3290 1662 3351 sancte,

441 3372 537 3419 camela
607 3369 787 3425 miseremini
806 3370 938 3426 eeclesias
956 3375 1044 3426 tantae
1070 3375 1132 3424 tam
1158 3368 1296 3424 desolatae
1315 3374 1346 3424 et
1362 3374 1469 3424 nostroe
1487 3367 1663 3424 conditionis

608 3460 762 3521 extremae3
782 3455 964 3510 miseremini
989 3454 1110 3509 familie
1138 3453 1192 3509 sub
1220 3453 1398 3525 protectione
1416 3458 1516 3507 vestra
1541 3453 1573 3506 in
1596 3452 1664 3509 sinu

608 3538 770 3593 sanctitatis
797 3544 903 3593 restrae
930 3546 990 3593 tam
1019 3536 1179 3592 enormiter
1204 3542 1265 3591 tam
1290 3535 1497 3591 miserabiliter
1527 3535 1661 3603 afflictae3

608 3620 797 3685 miseremini,
827 3639 914 3692 quem
940 3621 997 3676 viri
1025 3619 1219 3676 ecclesiastici
1243 3619 1330 3674 hodie
1359 3620 1457 3674 minus
1487 3628 1662 3676 reverentur

608 3704 685 3775 apud
708 3722 770 3767 nos,
791 3704 953 3775 majestatis
979 3705 1163 3774 apostolicae3
1192 3709 1221 3758 et
1249 3721 1314 3774 quae
1340 3703 1428 3759 etiem
1453 3703 1484 3758 in
1509 3704 1579 3759 orbe
1606 3705 1662 3760 hoe

607 3785 728 3841 occiduo
752 3788 917 3857 periculum
935 3787 966 3841 in
983 3787 1067 3842 nobie
1091 3788 1210 3858 patitur,
1230 3787 1298 3841 fidei
1318 3787 1499 3843 Christianae.
1537 3787 1612 3856 Quia
1636 3789 1664 3843 si

607 3888 678 3924 vera
704 3877 773 3925 sunt
798 3889 900 3926 senum
926 3877 1094 3926 nostrorum
1121 3872 1242 3935 somnia,
1271 3870 1297 3926 si
1321 3870 1463 3941 juvenum
1492 3879 1661 3928 nostrorum
1673 3889 1796 3936 sessim

607 3955 744 4018 visiones,
764 3956 796 4009 in
814 3955 912 4027 gladio
929 3956 1008 4011 beati
1027 3956 1110 4011 Petri
1133 3956 1268 4010 machina
1290 3962 1391 4010 contra
1414 3955 1567 4011 ecelesiam
1585 3957 1660 4012 Cen·
1673 3964 1781 4016 Genus.

607 4039 785 4094 tnaricnsem
804 4057 982 4110 consurgens
1001 4039 1164 4111 disparebit
1182 4045 1212 4094 et
1223 4038 1423 4110 dissipabitur.
1455 4040 1542 4095 Nunc
1554 4041 1659 4096 ultimo
1671 4019 1730 4059 ¹⁴⁸²·

608 4124 788 4179 calamitates
814 4124 897 4179 vobis
923 4117 1070 4180 credimus
1095 4141 1241 4179 enarrare.
1279 4122 1375 4179 Multa
1391 4130 1490 4179 tamen
1507 4125 1658 4190 hebemus,

608 4208 733 4271 domine,
763 4226 828 4279 quan
855 4215 1016 4264 atramento
1042 4208 1172 4263 mandari
1199 4208 1310 4262 nolunt.
1347 4207 1531 4263 Miseremini
1548 4208 1658 4281 itaque,

610 4291 679 4362 quia
707 4298 823 4362 tempus
851 4292 1010 4348 miserendi
1035 4298 1090 4358 est,
1119 4298 1152 4347 ut
1179 4310 1232 4363 per
1256 4291 1363 4347 merita
1392 4298 1422 4348 et
1452 4292 1660 4349 intercessione
1674 4308 1800 4356 Parium

609 4375 731 4446 gloriosi
765 4377 903 4448 martyris
938 4377 1056 4431 'lhomae
1089 4376 1249 4431 universali
1276 4377 1407 4432 ecclesiae
1439 4394 1527 4447 quam
1562 4386 1662 4434 vestro

609 4461 756 4516 commisit
773 4461 921 4532 regimini,
941 4460 1118 4516 misereatur
1128 4460 1311 4516 Altissimus.
1357 4461 1458 4517 Vitem
1476 4468 1605 4518 vestram
1624 4465 1661 4519 od

609 4545 740 4598 ecclesiia
760 4545 826 4600 Suae
845 4547 984 4600 honorem
1002 4553 1032 4600 et
1053 4545 1206 4601 tuitionem
1225 4546 1306 4600 Deus
1324 4545 1355 4600 in
1372 4551 1505 4617 temporo
1528 4546 1662 4619 longiora

609 4637 770 4685 conservet.

460 4849 581 4945 efflat·
645 4849 750 4907 CLIV.
788 4849 941 4904 Honoruos
960 4862 1044 4902 ra1on
1063 4863 1097 4903 nr
1116 4863 1189 4904 soen
1209 4849 1375 4906 eosvrnrm
1395 4851 1619 4908 Crurummxsr.

442 4997 491 5040 The
516 4998 563 5040 nor
670 4990 785 5044 uoniam
804 4988 994 5045 fraternitatis
1011 4994 1116 5044 vestre
1135 4990 1317 5046 sanctitatem
1335 4993 1479 5047 continuae
1497 4992 1661 5049 afflictionis

441 5009 596 5142 ξξῗέἑξᾞω
608 5075 775 5145 comprimit
786 5074 946 5139 tribulatio,
961 5080 1128 5143 competens
1146 5081 1176 5129 et
1194 5093 1312 5130 necesse
1330 5081 1376 5131 est
1391 5094 1445 5132 nos
1463 5076 1581 5133 assidue
1593 5095 1660 5132 con·
