4192 6392
514 1222 517 1230 .
608 1170 672 1234 104
891 1181 1064 1232 nrrsroms
1087 1179 1377 1244 canrosamrsrs,

453 1390 579 1486 &affl
810 1389 930 1446 CXXX.
967 1390 1107 1446 nmmos
1126 1403 1197 1444 esra
1214 1387 1349 1444 Hmnrco
1367 1386 1456 1444 πει]

440 1509 555 1563 mm,
645 1485 730 1542 Licet
752 1483 916 1550 universos,
941 1484 1089 1557 principes
1113 1501 1144 1540 ct
1169 1483 1307 1549 minores,
1326 1482 1453 1540 libenter
1470 1483 1597 1539 velimus
1622 1483 1662 1539 ed

440 1558 580 1662 ffissff
611 1569 730 1626 semitas
753 1568 938 1626 rectitudinis
963 1586 1133 1641 provocare,
1153 1573 1184 1624 et
1208 1584 1261 1639 pro
1278 1567 1371 1624 nostri
1389 1567 1476 1623 officii
1500 1566 1598 1624 debita
1623 1567 1662 1623 ad

442 1622 556 1752 madoris
610 1655 689 1709 viam
719 1653 823 1710 salutis
853 1652 1009 1719 inducere;
1045 1652 1077 1708 id
1107 1659 1206 1708 tamen
1234 1652 1313 1708 circa
1342 1652 1544 1708 excellentiam
1578 1658 1662 1708 tuam

441 1708 599 1855 ῗςὲῗὲἑξῒ
610 1738 785 1810 propensius
810 1738 915 1808 exequi
936 1737 1071 1793 volumus
1099 1743 1129 1792 et
1150 1735 1300 1802 debemus,
1321 1742 1428 1808 quanto
1452 1754 1608 1809 personam
1632 1742 1664 1794 et

461 1823 503 1864 111
901 1822 907 1834 ’
943 1822 949 1833 “
997 1821 1004 1833 '
1092 1819 1098 1832 '
1136 1822 1143 1833 '
1184 1838 1213 1874 m
1294 1821 1301 1834 ⁹
1445 1821 1452 1833 ⁸
1637 1821 1644 1833 ”

443 1860 565 1964 arsit
610 1821 1663 1978 {ibiibiaediblffldldii⁰3.impiimdssbrifflitffi

444 1961 599 2066 ffitssibm,
611 1990 838 2063 congaudemus.
876 1989 997 2062 Regalis
1022 1989 1168 2062 siquidem
1192 1988 1325 2045 sollertia
1347 2007 1405 2044 non
1432 1988 1557 2061 ignorat,
1584 1988 1665 2060 qnod
1699 2031 1702 2037 .

613 2074 690 2130 inter
714 2081 821 2131 catera
845 2074 952 2145 quibus
979 2079 1062 2145 potes
1090 2073 1221 2128 divinam
1244 2073 1371 2144 gratiam
1399 2073 1570 2143 promereri,
1596 2090 1664 2129 con·

613 2159 741 2215 servatio
771 2165 864 2215 status
895 2158 1087 2214 ecclesiarum
1117 2156 1203 2228 regni
1226 2156 1280 2222 tui,
1308 2163 1338 2212 et
1367 2155 1487 2212 illarum
1515 2157 1665 2229 praecipue

614 2261 681 2315 quas
711 2243 864 2315 religionis
890 2248 921 2299 et
954 2241 1065 2298 ordinis
1096 2241 1183 2298 titulo
1213 2241 1396 2307 decorantur,
1427 2259 1485 2297 non
1519 2241 1665 2298 medicam

613 2327 668 2383 tibi
686 2328 834 2400 adaugent
854 2326 979 2399 gloriam
1003 2332 1034 2382 et
1058 2324 1191 2382 salntem.
1230 2325 1305 2382 Cum
1332 2325 1425 2397 igitur
1443 2325 1664 2382 Cantuariensis

613 2411 738 2467 ecclesia
755 2412 884 2482 antiquae
902 2410 1059 2482 privilegio
1077 2409 1230 2481 dignitatis
1249 2414 1280 2464 et
1301 2409 1416 2465 meritis
1432 2408 1502 2464 neri
1524 2410 1665 2480 martyris

614 2495 746 2566 gloriosi,
767 2513 826 2549 non
849 2494 945 2551 solum
973 2494 1003 2548 in
1027 2510 1119 2564 regno
1146 2499 1204 2549 tuae
1232 2492 1425 2558 celsitudinis,
1446 2492 1498 2549 sed
1523 2494 1583 2548 fere
1610 2511 1666 2566 per

613 2585 709 2635 totum
725 2579 826 2635 orbem
845 2578 969 2634 celebris
986 2577 1138 2643 habeatur,
1159 2583 1300 2648 quantum
1324 2576 1459 2650 expediat
1474 2577 1566 2649 regia
1584 2577 1665 2632 boni·

614 2663 668 2719 tati
699 2681 764 2718 eam
793 2680 910 2734 semper
940 2661 1119 2717 immutabili
1148 2662 1257 2732 pietate
1287 2661 1444 2733 respicere,
1475 2667 1664 2717 manutenere

613 2747 725 2818 pariter
754 2752 785 2802 et
813 2764 932 2819 augere,
960 2753 1019 2802 tuae
1049 2745 1235 2802 discretionis
1265 2745 1422 2817 prudentia
1449 2763 1508 2800 non
1536 2746 1663 2817 ignorat.

613 2831 743 2887 Multum
761 2831 851 2887 etiam
869 2829 986 2903 expedit
1008 2847 1102 2902 regno
1124 2836 1185 2896 tuo,
1205 2835 1241 2885 ut
1264 2829 1375 2885 dictum
1402 2829 1564 2901 gloriosum
1588 2848 1665 2885 mar·

613 2921 709 2987 tyrem
740 2915 910 2970 continuum
939 2914 1165 2969 intercessorem
1195 2913 1303 2969 habeas
1333 2913 1411 2984 apud
1441 2912 1547 2978 Deum,
1586 2913 1666 2986 quod

470 3009 574 3055 tomen.
614 2998 816 3070 proculdubio,
836 2999 862 3054 si
882 3004 1024 3070 quantum
1042 2998 1073 3053 in
1093 3004 1123 3054 te
1149 2998 1240 3054 fuerit
1266 2997 1359 3070 ipsius
1384 2997 1554 3070 permiseris
1582 3016 1666 3053 reve-

446 3084 565 3137 flnnlgh·
614 3083 717 3138 rentire
743 3082 891 3154 derogari,
917 3099 1103 3153 nequaquam
1131 3081 1163 3136 in
1189 3071 1272 3137 coelis
1306 3082 1416 3152 poteris
1444 3081 1584 3137 obtinere.
1626 3082 1667 3139 Et

446 3135 593 3228 poesisezppptt
615 3166 734 3238 quidem
772 3172 843 3237 quot
872 3165 1043 3237 gravamina
1077 3171 1108 3221 et
1142 3165 1344 3237 oppressiones
1379 3165 1416 3220 ab
1448 3165 1667 3238 archiepiscopo

445 3236 602 3329 242³&ss
615 3251 740 3306 ccclesia
777 3250 830 3305 illa
866 3249 1031 3321 pertulerit,
1064 3250 1142 3305 sicut
1176 3255 1228 3304 tua
1265 3248 1430 3305 sublimitas
1459 3249 1573 3305 nescire
1608 3268 1667 3305 non

445 3336 546 3430 chffihfi
614 3335 719 3406 potuit,
739 3333 782 3389 ita
798 3333 985 3389 dissimulare
1003 3351 1062 3389 non
1079 3332 1190 3399 debuit,
1211 3331 1274 3388 sed¹
1285 3339 1347 3389 tota
1370 3334 1530 3389 intentione
1548 3333 1666 3390 studere

446 3399 591 3481 desiderias
615 3418 796 3474 adeundam
814 3418 1066 3490 archiepiscopum
1086 3418 1123 3473 ab
1148 3417 1344 3490 oppressionis
1369 3418 1492 3489 inceptus
1517 3419 1666 3491 proposito

446 3488 546 3542 midi·
615 3502 820 3558 revocandum.
858 3502 972 3558 Verum
991 3502 1137 3572 quiajam
1161 3502 1250 3574 hujus
1270 3502 1397 3574 querelas
1422 3504 1546 3558 materia
1569 3521 1667 3558 excre-

616 3586 660 3641 vit
690 3587 799 3657 pariter
830 3593 860 3640 et
890 3587 1021 3642 ascendit
1052 3587 1149 3651 nimis,
1179 3604 1231 3641 nos
1264 3585 1355 3641 licct²
1385 3586 1542 3658 sepedicto
1572 3587 1667 3641 archi·

616 3670 752 3741 episcopo
769 3669 895 3724 velimus
914 3671 945 3724 in
969 3676 1111 3741 quantum
1129 3688 1285 3741 possumus
1311 3687 1378 3725 cum
1404 3671 1516 3725 ratione
1540 3670 1665 3735 deferre,

616 3770 801 3823 nequaquam
826 3753 941 3807 ruinam
970 3754 1064 3824 ipsius
1089 3753 1220 3808 ecclesiae
1251 3754 1358 3809 clausis
1388 3772 1544 3825 possumus
1573 3756 1667 3810 oculis

616 3836 814 3908 pertransir03
843 3836 896 3891 sed
922 3837 1097 3907 quibusdam
1117 3838 1250 3908 personis
1280 3837 1487 3892 ecclesiasticis
1513 3838 1599 3909 regni
1622 3839 1668 3893 tui

617 3921 826 3975 correctionem
856 3938 958 3976 eornm
985 3940 1050 3991 qum
1076 3922 1234 3976 enormiter
1260 3927 1401 3976 attentata
1427 3927 1504 3986 sunt,
1532 3920 1667 3978 duximus

449 4003 598 4053 chrsxlbe
617 4003 864 4060 committendam.
921 4004 1065 4074 Quocirca
1107 4006 1294 4061 serenitatem
1328 4012 1409 4061 tuam
1450 4007 1603 4061 hortamur
1637 4008 1669 4062 in

448 4053 583 4162 iiiiiiiem
618 4089 752 4153 Domino,
772 4107 910 4159 rogamus
929 4089 1069 4145 attentius
1088 4098 1119 4145 et
1136 4089 1167 4144 in
1184 4091 1386 4146 remissionem
1410 4090 1465 4146 tibi
1482 4097 1669 4162 peccatorum

448 4256 560 4351 {1¹¹¹an
619 4257 712 4328 ipsius
731 4257 862 4312 ecclesiae
881 4257 1126 4328 tranquillitatem
1153 4259 1296 4324 intendas,
1316 4277 1369 4314 nec
1394 4260 1488 4330 ipsam
1514 4261 1669 4331 permittas

562 4339 567 4350 '
619 4340 811 4412 quantumin
837 4347 866 4395 te
895 4341 984 4395 fuerit
1008 4341 1137 4396 indebite
1163 4341 1322 4408 molestari,
1342 4350 1373 4398 et
1400 4342 1477 4414 quod
1504 4343 1566 4415 jam
1597 4344 1669 4400 dicti

614 4426 730 4496 judices
749 4442 767 4479 a
783 4425 867 4480 nobis
885 4423 1012 4495 delegati
1031 4427 1197 4490 statuerint,
1218 4427 1367 4483 observari
1386 4428 1486 4493 facias,
1506 4437 1536 4483 et
1561 4447 1670 4500 nequa·

619 4528 706 4578 quam
723 4509 866 4579 impedias
878 4509 927 4563 vel
945 4528 963 4564 a
980 4508 1039 4564 tuis
1058 4510 1195 4580 impediri
1213 4512 1376 4582 permittas,
1396 4512 1550 4584 quominus
1567 4531 1670 4569 execu-

619 4593 692 4647 tioni
723 4592 899 4657 mandetur,³
936 4592 977 4647 ita
1016 4593 1094 4665 quod
1132 4612 1166 4649 er
1205 4595 1260 4650 hoc
1295 4595 1359 4650 zelo
1397 4596 1581 4651 rectitudinis
1618 4606 1671 4654 tua

619 4676 761 4732 serenitas
789 4676 986 4731 commendari
1005 4677 1111 4742 valeat,
1135 4685 1165 4732 et
1192 4678 1228 4732 ab
1254 4680 1443 4750 omnipotenti
1462 4679 1525 4735 Deo
1543 4682 1671 4750 gratiam

620 4760 791 4833 promereri.
829 4760 939 4814 Datum
958 4761 1097 4825 Ferarioe,
1117 4780 1146 4816 v.
1166 4780 1256 4817 nonos
1275 4763 1431 4819 Octobris.⁴

658 4918 663 4945 ¹
681 4916 746 4964 This
756 4916 829 4965 letter
842 4916 864 4964 is
875 4917 902 4964 in
916 4915 1036 4974 Gcrrase,
1049 4920 1121 4967 1509.
1207 4919 1216 4947 ⁴
1233 4918 1298 4967 This
1310 4919 1440 4968 letterwes
1451 4918 1579 4970 delivered
1590 4930 1616 4972 to
1628 4924 1671 4974 the

655 4998 665 5026 ²
683 4994 752 5060 licet]
773 4994 804 5053 ci,
816 4995 863 5045 ins.
876 4995 907 5045 G.
1174 4996 1238 5061 king
1250 5006 1276 5047 at
1288 4999 1365 5056 Cacn,
1376 4999 1452 5048 about
1463 4999 1506 5049 the
1517 5002 1566 5050 end
1583 5004 1615 5052 of
1627 5004 1671 5056 the

655 5077 801 5138 ’qreominns
811 5110 819 5124 .
831 5112 838 5124 .
850 5113 856 5124 .
870 5073 1009 5141 retardetur]
1029 5091 1077 5126 om.
1089 5076 1120 5127 G·
1174 5078 1270 5127 montb.
1306 5078 1425 5140 Genese,
1440 5083 1511 5129 1510.
