4192 6392
605 1165 647 1229 68
893 1180 1065 1231 EPISTOLAE
1087 1178 1376 1242 censenmnnssn,

452 1355 572 1449 Ajffilgg·
604 1357 688 1412 nobis
708 1363 792 1413 stare.
826 1355 973 1412 Caeterum
985 1362 1015 1413 et
1032 1356 1106 1412 certi
1125 1373 1237 1421 eumue,
1258 1354 1328 1426 quia
1345 1354 1479 1426 quamvis
1491 1359 1661 1413 executores

482 1456 545 1510 July.
605 1440 718 1511 aliquid
736 1444 874 1503 statuant,
895 1438 1030 1495 dominus
1050 1439 1286 1511 archiepiscopus
1307 1455 1364 1493 non
1382 1438 1599 1510 obtemperabit
1615 1440 1662 1497 vel

436 1530 559 1574 alienen-
605 1525 635 1578 in
653 1524 777 1590 modico,
798 1523 867 1593 quia
885 1523 1007 1578 forsitan
1025 1522 1092 1578 ideo
1110 1521 1321 1586 transfretabit,
1336 1528 1370 1578 ut
1388 1539 1472 1577 omne
1491 1524 1661 1581 mandatum

435 1582 505 1675 llll?
520 1581 575 1683 ,ἵξῃ
606 1607 714 1662 domini
733 1623 815 1678 papae
833 1607 926 1677 possit
950 1605 1068 1661 elidere.
1107 1604 1194 1662 Nunc
1212 1623 1284 1677 ergo
1308 1604 1346 1660 lis
1374 1606 1565 1662 instauranda
1582 1607 1662 1664 vide·

436 1682 552 1775 2¹2?on
606 1698 663 1756 tur,
682 1696 712 1746 et
735 1690 889 1744 rixandum
916 1690 1034 1755 iterum,
1065 1690 1089 1744 si
1117 1690 1180 1744 rixa
1205 1695 1260 1753 est,
1287 1696 1321 1744 ut
1346 1690 1388 1745 ait
1415 1689 1561 1757 ethnicus,
1583 1689 1718 1747 “ubilan

437 1784 553 1826 inundate.
608 1778 627 1802 “
640 1781 673 1829 tu
692 1774 791 1844 pulses
804 1791 859 1842 ego
872 1772 977 1844 vapulo
988 1772 1132 1828 tantum.’'
1164 1772 1306 1842 Quoniam
1318 1777 1415 1828 autem
1434 1781 1613 1832 recesserat
1630 1782 1663 1832 ut

437 1857 766 1913 T¹¹000nve1¹texfideet
787 1874 821 1910 ex
848 1858 943 1911 animo
967 1875 1020 1928 pro
1047 1857 1130 1912 nobis
1157 1863 1234 1912 stent
1260 1856 1402 1923 advocat-i,
1429 1857 1548 1925 domino
1575 1857 1662 1916 Pillio

436 1906 574 1951 adriaenhe
735 1941 740 1953 .
800 1941 806 1953 .
919 1941 925 1953 .
1067 1940 1084 1953 ..
1164 1941 1170 1953 .
1212 1941 1218 1953 .
1254 1941 1283 1953 ..

438 1957 585 2011 pnoroulns
606 1957 780 2014 propensius
798 1940 966 2012 impendite,
987 1947 1017 1995 et
1035 1941 1101 1997 alne
1121 1959 1172 2012 qur
1195 1941 1332 1996 similiter
1359 1948 1452 2012 agunt
1476 1960 1606 2009 calisam,
1625 1961 1661 1999 ue

438 2010 556 2101 ffiteucffi
606 2032 658 2080 aut
676 2025 741 2080 ficte
759 2030 857 2095 agant,
878 2030 929 2079 aui
941 2024 977 2078 ab
990 2023 1169 2080 adversariis
1182 2025 1331 2096 corrumpi
1348 2025 1470 2096 possint.
1509 2025 1661 2083 Vellemua

438 2108 543 2152 ‘illim
607 2109 696 2163 etiarn
708 2108 858 2163 dominum
871 2108 890 2162 J
892 2108 1038 2164 acinetum
1050 2108 1134 2164 vobis
1152 2108 1288 2179 obligari,
1307 2108 1384 2164 sicut
1401 2107 1537 2165 dominus
1550 2109 1663 2168 Gratia·

438 2158 593 2251 ilifflwuh
607 2211 662 2246 nus
681 2192 828 2263 obligatus
847 2199 901 2257 est,
921 2193 969 2247 rel
987 2191 1045 2246 alio
1064 2191 1159 2257 ruodo,
1179 2193 1431 2264 quia·praepotena
1450 2198 1496 2248 est
1520 2194 1551 2249 in
1570 2195 1660 2259 curia,

439 2259 594 2359 ffilgffl'ss
607 2284 641 2330 ut
659 2276 835 2340 airdivimus,
849 2282 879 2331 et
896 2292 992 2330 causae
1010 2281 1117 2330 nostrae
1130 2274 1298 2330 benevolus.
1337 2275 1495 2339 Praeterea,
1508 2277 1664 2334 sinuetur

439 2359 595 2453 thpntpnl
608 2361 701 2424 vobis,
730 2359 958 2415 transmarinum
983 2359 1112 2430 aliquem
1143 2359 1190 2414 rel
1221 2358 1257 2413 de
1288 2360 1456 2413 euriacum
1485 2363 1664 2431 protectione

439 2412 540 2504 ilarii.
553 2422 567 2451 ⁰
609 2443 719 2498 domini
736 2460 819 2514 papae
838 2443 875 2497 ad
900 2460 952 2496 nos
971 2440 1172 2507 transmittite,
1193 2444 1244 2514 qni
1271 2442 1396 2498 fideliter
1423 2443 1506 2499 nobis
1535 2446 1663 2509 assistet,

609 2533 639 2581 et
677 2525 833 2590 audactam
870 2527 985 2581 noverit
1019 2527 1109 2581 etiam
1139 2527 1290 2597 negotium
1320 2531 1453 2581 nostrum
1492 2546 1664 2599 promovere

609 2610 772 2674 efficaciter,
805 2610 909 2681 qualis.
943 2610 1020 2665 sieut
1051 2611 1227 2681 accepimus,
1259 2615 1305 2665 est
1334 2608 1470 2666 dominus
1496 2611 1662 2677 Lotharius,

609 2695 705 2751 socius
730 2694 840 2749 domini
867 2695 958 2761 Pillii,
979 2695 1027 2751 vel
1055 2696 1102 2750 de„
1120 2713 1178 2766 qno
1204 2695 1350 2768 placuerit
1380 2695 1465 2750 alius.
1505 2695 1538 2752 Si
1568 2702 1665 2753 tamen

609 2780 744 2834 dominus
762 2778 998 2851 archiepiscopus
1017 2779 1081 2850 ipse
1100 2780 1223 2842 venerit,
1245 2796 1317 2833 onus
1335 2777 1407 2833 belli
1426 2779 1467 2834 ibi
1488 2781 1555 2845 erit,
1570 2787 1600 2837 et
1617 2781 1664 2837 hie

609 2865 684 2918 sorte
703 2864 784 2918 furor
801 2862 925 2918 bellicus
944 2863 1041 2917 minus
1061 2862 1220 2917 effervebit.
1258 2861 1369 2926 Nolite,
1384 2863 1409 2916 si
1428 2863 1534 2934 placet,
1555 2870 1664 2921 cartam

609 2965 697 3018 qrram
715 2947 860 3002 mittimus
886 2946 1003 3001 domino
1022 2945 1162 3001 Gratiano
1181 2946 1247 3000 ideo
1264 2963 1321 3001 non
1340 2946 1419 3012 dare,
1441 2948 1512 3018 quia
1529 2948 1664 3005 videmur

609 3032 636 3085 ei
658 3031 689 3085 in
709 3031 914 3103 prejudicium
933 3029 1068 3102 alicujus,
1089 3030 1217 3101 primum
1235 3030 1366 3086 vacantis
1384 3030 1583 3088 ministerium
1600 3050 1664 3089 con·

609 3115 748 3170 cessisse:
769 3132 873 3170 vacare
892 3115 970 3168 enirn
996 3131 1054 3168 non
1072 3113 1249 3168 arbitramur
1276 3114 1354 3185 quod
1379 3132 1436 3169 nen
1453 3115 1556 3171 ᾱιιιιιιιι
1573 3122 1620 3173 est
1635 3124 1666 3173 et

609 3217 788 3255 concessum.
828 3197 974 3253 Ceterum
999 3203 1030 3251 et
1057 3197 1115 3252 alio
1133 3197 1219 3251 modo
1238 3198 1400 3269 poterimus
1428 3199 1570 3256 servienti
1589 3201 1662 3273 ejus,

442 3282 580 3344 nneenomy
609 3302 676 3338 eum
695 3285 733 3339 ad
759 3284 790 3339 id
808 3289 929 3338 ventum
948 3282 1046 3346 luerit,
1068 3281 1246 3336 satisfacere.
1285 3281 1486 3339 Decreverunt
1505 3283 1665 3341 adversarii

441 3333 554 3427 ffleetaflo
609 3369 702 3423 nostri
729 3367 869 3439 quicquid
895 3364 1070 3437 expendunt,
1098 3365 1124 3419 si
1149 3365 1337 3428 obtinuerint,
1357 3366 1395 3421 de
1421 3372 1522 3423 nostro
1541 3368 1663 3433 solvere,

441 3434 545 3536 32⁸5*th
611 3469 704 3522 nsque
717 3453 755 3507 ad
772 3450 964 3507 novissimum
977 3449 1178 3520 quadrantem,
1194 3450 1219 3503 si
1238 3449 1336 3503 emnia
1352 3457 1522 3506 ornamenta
1534 3451 1664 3508 ecclesiae

442 3545 558 3586 “eem-
610 3543 717 3590 nostrae
736 3539 883 3605 oporteret
901 3533 1075 3587 distrahere.
1104 3532 1269 3587 Secretiora
1286 3533 1459 3604 verbaque
1478 3552 1556 3606 saepe
1576 3537 1664 3607 scrip-

470 3629 499 3671 ro.
508 3629 533 3672 17
543 3637 574 3674 re.
611 3620 703 3672 simus
724 3618 816 3682 veliis,
837 3635 954 3671 causam
974 3616 1111 3671 videlicet
1128 3616 1337 3687 persecutionis
1356 3616 1445 3687 hujus
1465 3623 1494 3671 et
1511 3619 1663 3690 originem,

611 3703 728 3757 domino
746 3720 829 3773 papae
858 3702 999 3757 secretius
1018 3701 1179 3772 suggerite,
1200 3705 1229 3754 et
1256 3701 1417 3773 dequibus
1442 3702 1587 3758 confiditis
1606 3721 1665 3758 ear·

612 3785 768 3840 dinalibus.
808 3783 962 3839 Credimus
988 3783 1067 3838 enim
1085 3784 1222 3856 expedire
1240 3789 1274 3839 ut
1300 3785 1482 3856 sciantque
1508 3786 1666 3842 subtilitate

442 3909 491 3952 she
611 3869 775 3940 Anglicana
793 3867 916 3930 eeclesia
939 3868 1128 3939 impugnetur
1147 3868 1298 3939 incapite,
1320 3867 1436 3938 etquis
1460 3868 1520 3923 nisi
1537 3870 1666 3926 caverint

393 4012 395 4017 Ι
442 3922 557 4011 carestelli>e
612 3953 669 4009 sibi
687 3954 717 4007 in
735 3953 790 4007 hoc
807 3951 924 4022 negotio
942 3958 1002 4006 tam
1026 3969 1133 4022 magno
1152 3956 1181 4005 et
1207 3951 1370 4016 manifeste,
1390 3968 1475 4006 nemo
1501 3953 1532 4007 in
1558 3953 1666 4026 Anglia

443 4012 560 4105 {Qum
612 4037 649 4092 ad
667 4037 815 4091 deminum
834 4053 939 4107 papam
958 4034 1126 4106 appellabit,
1147 4035 1231 4105 cujus
1250 4039 1279 4088 et
1295 4033 1384 4089 totius
1404 4034 1493 4089 euriae
1512 4035 1665 4109 vilipendi·

443 4135 574 4181 nreelarks
612 4127 660 4175 tur
678 4121 843 4183 auctoritas,
867 4119 937 4173 dum
964 4136 1020 4174 non
1046 4118 1185 4190 impletur
1213 4118 1391 4173 mandatum.
1430 4119 1540 4174 Dicunt
1566 4120 1665 4176 cleriei

442 4187 575 4231 ΜΘΝ
612 4204 691 4276 quod
717 4223 770 4260 sua
796 4208 841 4259 est
861 4203 985 4259 eeclesia
1009 4220 1074 4272 quaa
1101 4201 1270 4267 aedificatur,
1298 4209 1328 4256 et
1354 4203 1411 4274 ipsi
1438 4203 1584 4260 edificant
1609 4220 1664 4260 non

442 4237 578 4332 llfflgl
608 4291 670 4361 jam
689 4290 934 4360 archiepiscopus,
954 4287 1049 4342 uteie
1068 4290 1183 4341 cassant
1199 4286 1311 4341 litteras
1331 4286 1440 4341 domini
1459 4304 1551 4358 papea.
1581 4287 1665 4343 Unde

441 4339 561 4433 &iiiiii
611 4394 685 4447 opus
715 4379 767 4438 est,
798 4373 823 4427 si
848 4371 978 4443 potestis,
1004 4377 1038 4424 ut
1068 4369 1218 4441 praecipiat
1245 4370 1379 4425 dominus
1412 4387 1487 4442 papa
1512 4371 1664 4427 eeclesiam

441 4439 594 4535 ξξξξζῃξῗυῃὶ,
611 4461 810 4513 construentes
822 4461 873 4510 aut
890 4455 932 4510 ibi
949 4454 1130 4509 celebrantes
1147 4453 1401 4518 excommunicari,
1415 4453 1473 4508 nisi
1491 4453 1662 4510 destiterint.

441 4541 514 4585 “ltd-
611 4542 676 4597 Hoc
695 4548 791 4596 autem
809 4539 956 4595 credimus
974 4538 1093 4593 abbates
1112 4539 1216 4600 iacere,
1237 4538 1263 4593 si
1282 4538 1325 4592 eis
1347 4553 1482 4608 expresse
1501 4537 1664 4608 injunctum

611 4626 708 4690 fuerit,
734 4625 764 4678 in
795 4624 902 4678 virtute
926 4621 1106 4677 obedientiae.
1145 4621 1301 4676 Providete
1331 4620 1415 4677 vebis
1447 4638 1534 4692 quam
1565 4621 1662 4677 citius.

610 4710 758 4765 Timemue
777 4724 812 4763 ue
831 4706 953 4763 sacrista
972 4724 1039 4762 cum
1057 4707 1196 4762 narneium
1223 4710 1357 4761 nostium
1383 4705 1537 4776 acceperit,
1566 4707 1664 4761 statim

609 4803 642 4849 ut
668 4794 750 4858 solet,
770 4793 868 4848 omnia
895 4790 1033 4855 effundat,
1061 4790 1184 4847 dicenda
1210 4789 1332 4844 tacenda
1350 4789 1474 4854 locutus,
1503 4795 1532 4844 et
1558 4791 1665 4862 poterit

608 4880 727 4934 libertas
745 4885 846 4932 nostra
863 4876 899 4930 de
921 4875 1001 4930 laeili
1020 4873 1167 4945 impediri,
1187 4874 1245 4929 uisi
1269 4875 1352 4944 prius
1381 4873 1437 4927 iter
1467 4873 1660 4945 arripueritis.

609 4965 718 5018 Dicunt
736 4962 813 5033 quod
832 4979 850 5015 a
871 4959 953 5013 euris
970 4957 1058 5012 habet
1082 4957 1215 5012 dominus
1243 4957 1480 5029 archiepiscopus
1507 4958 1661 5013 eonsilium

610 5047 731 5103 faciendi
761 5044 840 5117 quod
867 5043 946 5110 lucit,
979 5041 1172 5119 quodeunque
1192 5042 1361 5098 niandatum
1391 5059 1409 5096 a
1442 5042 1560 5100 domine
1588 5060 1663 5115 papa
