4192 6392
780 1195 939 1246 emesena
961 1153 1169 1247 emesenus
1455 1181 1498 1253 27

439 1373 662 1434 Gantuariensis
680 1391 740 1430 non
756 1390 861 1445 porum
885 1374 1060 1446 parvitatem
1079 1380 1209 1431 nostram
1226 1374 1345 1430 videtur
1363 1374 1497 1445 diligero,
1528 1376 1583 1419 tl)-
1590 1378 1649 1421 11⁸⁷·

438 1465 543 1516 nostro
573 1459 697 1516 forsitan
727 1457 815 1513 citius
845 1457 1016 1529 adquiescet
1040 1459 1171 1524 consilio,
1203 1459 1371 1529 bonumque
1407 1459 1498 1528 pacis,
1512 1427 1628 1541 bidffi

441 1544 545 1601 Sancti
564 1543 694 1615 Spiritus
707 1542 900 1614 procedentc¹
914 1543 1045 1607 consilio,
1060 1542 1168 1599 melius
1180 1544 1317 1613 precibus
1330 1549 1360 1597 et
1377 1543 1500 1598 monitis
1512 1540 1585 1584 there.

439 1628 665 1685 rationabilibus
683 1626 877 1683 amicabiliter
889 1628 1022 1697 partibus
1039 1627 1197 1699 propositis
1215 1627 1324 1698 poterit
1335 1627 1498 1698 provenire,
1513 1602 1628 1695 {fflff

441 1731 534 1784 quam
551 1712 641 1768 variis
659 1712 727 1767 hinc
746 1711 813 1766 inde
839 1711 1022 1767 discursibus
1050 1711 1138 1767 simul
1164 1712 1308 1783 expensis,
1329 1712 1380 1781 qui
1406 1712 1501 1766 solent
1512 1703 1671 1797 ffiffissgl‘m

439 1798 555 1853 animos
574 1796 662 1853 duros
683 1802 715 1852 et
732 1796 906 1851 inflexibiles
925 1796 1058 1860 reddere,
1078 1801 1109 1851 et
1133 1813 1234 1866 pacem
1259 1796 1378 1851 turbare
1403 1796 1500 1866 potius
1513 1803 1550 1846 his
1558 1805 1643 1848 meeu-

441 1899 534 1952 qusm
551 1899 616 1937 cam
633 1896 814 1952 promovere.
852 1880 967 1945 Vcletc,
990 1887 1021 1937 et
1039 1886 1121 1935 crate
1147 1898 1201 1951 pro
1228 1897 1313 1936 serre
1338 1879 1502 1935 sanctitatis
1513 1854 1572 1901 ⁶⁰¹¹·

441 1971 561 2029 vestre,
581 1966 632 2037 qui
651 1971 730 2021 totus
749 1970 848 2020 vester
866 1971 922 2030 est,
936 1965 1144 2035 obsequiisque
1163 1965 1270 2020 vestris
1289 1982 1324 2018 ex
1341 1971 1403 2020 toto
1421 1964 1502 2020 dedi·
1567 2004 1574 2020 .

442 2055 547 2115 catus,
566 2056 596 2104 et
614 2067 703 2120 super
720 2048 767 2103 his
786 2049 922 2104 omnibus
949 2050 1144 2120 perlatorem
1165 2049 1354 2120 proescntium
1372 2054 1501 2106 vestram

443 2134 521 2188 mihi
538 2133 691 2189 rescribite
708 2134 899 2189 voluntatem.
942 2132 1018 2202 Quia
1034 2151 1106 2190 vero
1123 2133 1155 2189 in
1173 2133 1382 2205 Assumptione
1401 2134 1501 2199 Beatee
1514 2132 1661 2176 Hemustee

442 2218 580 2289 Virginis
598 2218 629 2273 in
647 2217 772 2274 eeclesia
796 2222 897 2273 nostra
914 2224 1048 2274 tenemur
1069 2219 1182 2283 adesse,
1206 2217 1232 2274 si
1251 2218 1387 2274 dominus
1405 2208 1500 2273 archi·
1513 2183 1671 2279 iiiiiiisii

443 2301 599 2373 episcopus
627 2319 721 2372 usque
740 2308 810 2357 tunc
828 2302 907 2356 circa
924 2319 977 2356 vos
996 2303 1095 2367 suerit,
1116 2309 1146 2357 et
1164 2303 1352 2373 praesentiam
1370 2308 1501 2358 nostram
1513 2286 1641 2336 ΜΨ*

443 2387 477 2440 in
495 2385 593 2455 aliquo
604 2386 689 2441 vobis
708 2386 905 2441 necessariam
925 2386 1088 2450 aestimetis,
1108 2386 1180 2441 adeo
1198 2387 1373 2456 tempestive
1392 2386 1501 2440 mittite

442 2486 499 2540 pro
527 2468 622 2534 nobis,
655 2475 689 2524 ut
718 2470 750 2523 in
780 2469 922 2541 praedicta
946 2469 1107 2525 festivitate
1138 2469 1175 2524 ad
1199 2470 1354 2525 eeclesiam
1372 2474 1501 2525 nostram

443 2552 594 2625 possimus
613 2569 754 2608 remeare.

564 2738 662 2795 XXX.
699 2737 834 2795 Henmco
852 2753 920 2794 seer
939 2739 1110 2795 convensus
1129 2740 1369 2796 Osnrumnessrs.

482 2843 622 2910 Hem-icc,
652 2844 709 2901 Dei
735 2844 840 2917 gratie,
863 2844 975 2900 illustri
1001 2847 1068 2915 regi
1086 2845 1260 2916 Anglorum,
1287 2845 1409 2902 humilis
1436 2864 1502 2902 con·

443 2936 552 2985 ventus
577 2929 708 2985 eeclesiae
727 2929 838 2985 Christi
865 2929 1039 2993 cantuariae,
1061 2930 1185 2986 salutem
1211 2936 1241 2987 et
1267 2931 1377 3001 ubique
1404 2930 1504 2987 divina

444 3011 627 3087 protectione
645 3012 772 3068 defendi.

482 3095 628 3163 Audistis,
657 3096 772 3152 domine
803 3095 963 3160 carissime,
992 3102 1026 3152 ut
1053 3096 1211 3162 eredimus,
1239 3115 1311 3170 quas
1341 3098 1500 3164 molestias,
1514 3095 1660 3191 ffihgfflmfflu

446 3199 514 3252 quse
532 3181 704 3253 gravamina
721 3186 805 3252 pater
822 3186 921 3237 noster
947 3185 977 3236 et
995 3180 1131 3237 dominus
1149 3181 1232 3237 ncbis
1251 3182 1362 3247 feeerit,
1383 3182 1431 3239 cui
1449 3200 1502 3238 ncs
1514 3197 1634 3291 1³qu
1635 3270 1644 3282 .

447 3270 603 3336 pcstquam
621 3281 688 3319 eum
706 3263 881 3336 recepimus,
901 3281 953 3320 nec
979 3265 1072 3319 semel
1098 3265 1255 3320 fecerimus
1280 3267 1357 3321 unde
1383 3267 1503 3323 deberet
1514 3248 1673 3343 ‘hugum

447 3349 546 3413 irasci,
566 3349 624 3404 nisi
651 3348 726 3404 forse
751 3348 818 3404 neo
844 3351 940 3405 motus
960 3349 1008 3413 se,
1029 3348 1107 3419 quoe
1125 3349 1161 3403 ‹10
1180 3349 1289 3420 injuria
1314 3351 1397 3406 noes
1421 3311 1627 3405 suicherus.

448 3433 567 3489 laudem
585 3433 736 3500 conquesti
755 3450 866 3498 sumus,
887 3439 917 3488 et
940 3432 991 3502 jus
1010 3439 1143 3488 nostrum
1162 3433 1299 3504 petimus.
1338 3434 1414 3502 Quia
1431 3453 1503 3506 crgo

447 3535 526 3572 nune
553 3522 619 3588 post
644 3533 679 3571 ea
703 3514 800 3571 omnia
817 3534 922 3572 novam
940 3516 1006 3571 vult
1026 3515 1112 3587 juxte
1137 3517 1303 3572 nonfacere
1331 3517 1504 3574 elericorum

448 3598 613 3665 ecelesiam,
633 3605 663 3655 et
681 3599 764 3670 quasi
783 3599 936 3654 castellum
963 3600 1048 3669 juxta
1072 3618 1125 3654 nos
1145 3601 1269 3670 erigere,
1290 3601 1366 3656 unde
1397 3603 1504 3673 poterit

448 3682 610 3740 seeundum
646 3684 835 3738 assertionem
872 3683 1036 3754 sapientum
1067 3682 1205 3738 damnum
1235 3685 1367 3740 ecclesiae
1397 3692 1504 3741 noenu>

448 3769 620 3841 provenire;
652 3768 850 3839 supplicamus
879 3767 1069 3837 generositati
1088 3774 1194 3822 vestras
1213 3785 1313 3823 omnes
1339 3769 1376 3823 cd
1403 3770 1501 3842 pedes,
1516 3770 1672 3864 andlnqlnm

450 3864 594 3924 quatenus
612 3870 666 3923 pro
686 3852 750 3907 Deo
780 3858 809 3907 et
838 3851 947 3907 honere
977 3858 1076 3906 restro
1101 3851 1244 3908 mandetis
1270 3853 1386 3908 domino
1410 3823 1635 3915 orchi-iiidineii

450 3938 587 4009 episeopo
605 3936 764 4008 perbreve
794 3941 935 4000 vestrum,
968 3943 1111 4007 quatenus
1141 3942 1248 3993 tractet
1265 3956 1317 3992 nos
1336 3939 1502 4010 benignius,
1516 3923 1660 4025 ξξξξῶξζορ

449 4040 502 4076 nec
538 4021 629 4075 faciet
655 4020 784 4091 aliquam
814 4038 877 4074 rem
907 4020 984 4074 unde
1015 4019 1139 4075 eeclesia
1169 4020 1386 4078 cantuariensis
1412 4025 1506 4095 possit

451 4107 589 4164 honorem
608 4123 694 4159 suum
713 4103 857 4169 amittere,
885 4104 934 4158 vel
960 4102 1064 4159 civitas
1088 4103 1307 4162 Centauriensis
1334 4108 1505 4171 hostilitatis

452 4196 592 4261 tempore,
612 4188 690 4260 qued
709 4188 789 4242 Deus
808 4194 931 4253 avertat,
951 4188 1116 4260 periculum
1135 4189 1301 4246 formidare.
1346 4189 1451 4246 Voletc
1475 4190 1506 4246 iu

453 4272 577 4330 Domino
596 4290 721 4344 semper,
742 4271 856 4327 demine
876 4272 1035 4328 carissime.

612 4371 651 4425 In
669 4370 786 4425 eserniam
807 4368 921 4426 enodem
939 4369 1064 4426 Ricardo
1085 4368 1179 4426 cornili
1199 4369 1345 4428 Pirenaeo.

577 4553 692 4610 XXXI·
729 4554 880 4609 Heanlcus
899 4570 956 4609 mlx
975 4555 1141 4611 Cosmum
1157 4555 1380 4612 Carissimum.

489 4661 647 4724 IIenrieus,
668 4660 723 4715 Dei
740 4662 839 4732 -grctia
857 4679 909 4716 rex
927 4661 1101 4732 Anglcrum,
1122 4665 1176 4718 toti
1195 4666 1350 4720 conventui
1376 4664 1507 4721 ecclesius

454 4746 565 4801 Christi
584 4745 811 4810 Cantuariensis,
832 4745 956 4801 sclntem
982 4752 1012 4801 ct
1037 4748 1158 4803 sincerae
1186 4748 1350 4805 dilectionis
1376 4755 1508 4806 ceneten·

455 4832 535 4886 tiam.

490 4915 602 4971 Audito
619 4911 800 4984 querimonia
817 4923 916 4971 restra
934 4916 1005 4972 meti
1025 4933 1127 4972 sumus
1146 4924 1176 4973 et
1193 4918 1349 4981 molestati,
1370 4923 1400 4972 ct
1417 4917 1508 4988 pluri·
1520 4928 1633 4983 Theline

453 5017 534 5055 mum
561 4996 802 5069 pei-turbaremur
826 4998 852 5053 si
871 4998 1006 5055 dominus
1025 5000 1245 5057 Gentucriensis
1272 5000 1508 5073 nrdriepisccpue
1520 4980 1667 5085 πῶς,

888 5118 1045 5126 -----.
1129 5120 1185 5126 --...-
1205 5120 1313 5127 .-—---

760 5174 767 5204 ¹
781 5175 937 5261 procedente]
956 5179 1127 5241 procedentes,
1139 5176 1194 5230 MS.
