4192 6392
627 1164 668 1221 58
909 1174 1081 1223 ffl'tsrctat
1103 1170 1393 1233 CANTUARIENSRS',

474 1355 595 1397 anima
627 1350 645 1372 ‘⁴
667 1345 754 1400 cinio.
793 1346 992 1403 corroborant
1010 1348 1090 1403 onim
1115 1346 1182 1405 illos
1195 1364 1298 1404 eorum
1315 1345 1458 1417 exempla,
1478 1349 1685 1419 etprotegnnt

457 1440 584 1493 Tucyasvc
627 1434 645 1455 ‘⁴
666 1429 841 1487 orationes.’'
879 1432 919 1487 Et
943 1431 1114 1504 adjicientes
1142 1431 1282 1497 inferunt,
1316 1430 1485 1487 “Nondum
1514 1436 1614 1487 mmor
1644 1430 1684 1489 ad

456 1495 612 1595 ssss‘ffim
627 1516 646 1541 ‘¹
666 1532 835 1571 marisia-am
852 1523 970 1588 patrum
994 1534 1118 1572 suorum
1142 1522 1356 1588 pervenerunt;
1382 1532 1509 1586 quorum
1535 1514 1588 1571 ulii
1612 1520 1685 1572 sunt

456 1594 595 1686 33:³¹⁰&
626 1601 645 1625 “
665 1598 829 1670 proscripti,
861 1601 913 1656 alii
944 1599 980 1656 de
1008 1617 1101 1672 regno
1128 1599 1233 1671 fugati,
1263 1600 1314 1655 alii
1344 1616 1463 1655 oaroero
1493 1603 1525 1656 at
1553 1598 1682 1656 vinculis

455 1693 551 1739 fathers
626 1684 841 1739 “arctioribus
867 1683 1018 1750 coarctati,
1045 1683 1098 1739 alii
1123 1683 1283 1754 pretiosam
1312 1689 1438 1739 mortem
1467 1700 1521 1756 pre
1548 1682 1682 1741 ecclesius

626 1769 645 1794 “
665 1767 832 1824 defensioue
860 1769 1079 1840 amplectentes,
1107 1785 1229 1840 magna·
1245 1766 1372 1839 posteris
1402 1767 1466 1824 suis
1495 1766 1683 1839 reliquerunt

626 1853 645 1879 “
665 1853 807 1924 exempla.
847 1853 978 1922 Quorum
1005 1854 1153 1909 intuentes
1183 1852 1347 1924 gloriosam
1371 1850 1494 1919 exitum,
1520 1851 1681 1909 imitamini

456 1953 591 2017 lsraunaw
626 1940 645 1963 ‘⁶
665 1936 890 1994 cossentiamss’
927 1938 1058 1994 Tandem
1082 1954 1141 1993 una
1164 1937 1296 1992 omnium
1314 1936 1460 1993 sententia
1477 1942 1532 2003 ost,
1552 1935 1632 2007 quod
1655 1936 1683 1993 si

457 2010 593 2102 ffiffiffl
626 2021 714 2076 etiam
744 2021 799 2078 hac
829 2022 894 2079 vico
925 2021 1059 2092 gladium
1087 2030 1219 2078 vestrum
1248 2019 1441 2091 reposueritis
1471 2020 1502 2075 in
1531 2019 1681 2091 vaginam,

454 2110 607 2161 rouerelost.
625 2106 794 2162 recedentes
819 2124 837 2163 a
866 2107 1016 2178 proposito
1040 2112 1149 2171 vostre,
1176 2110 1206 2160 et
1228 2104 1356 2161 inemues
1380 2120 1434 2161 vos
1458 2102 1599 2169 feceritis,
1624 2120 1683 2159 uon

624 2197 671 2246 est
700 2190 736 2245 de
762 2198 868 2248 caetero
893 2192 969 2246 unde
994 2207 1113 2262 sperare
1137 2189 1258 2261 possitis
1282 2188 1436 2254 auxilium,
1464 2186 1517 2243 sed
1542 2187 1626 2244 eritis
1651 2188 1684 2243 in

624 2276 872 2332 conculcationem
895 2276 933 2330 iis
959 2276 1010 2346 qui
1035 2281 1173 2347 quarunt
1196 2274 1307 2329 animas
1334 2280 1460 2338 vestras,
1481 2271 1560 2327 etin
1578 2288 1682 2345 oppro-

625 2360 721 2414 brium
752 2360 974 2432 sempiternum.
1014 2359 1074 2416 Sed
1110 2365 1140 2415 et
1170 2357 1255 2414 sedes
1286 2362 1385 2413 vestra
1415 2356 1611 2413 transferetur
1643 2356 1683 2411 ad

624 2444 811 2516 Aquilonem,
832 2462 886 2499 nec
912 2445 972 2499 erit
997 2442 1050 2514 qui
1076 2444 1112 2499 do
1140 2448 1246 2499 caetoro
1270 2440 1378 2498 audeat
1401 2441 1450 2497 vel
1473 2440 1593 2505 mutire,
1614 2458 1684 2497 cnm

625 2527 759 2583 videritis
779 2536 879 2584 sancta
897 2535 997 2584 vestra
1020 2528 1057 2584 ab
1084 2528 1220 2584 omnibus
1246 2524 1420 2583 conculcari.
1459 2524 1588 2595 Quodsi
1607 2526 1683 2582 rorte

456 2630 592 2684 Excessere
625 2611 768 2677 dixeritis,
795 2612 866 2683 quia
892 2613 1030 2668 timemus
1058 2628 1199 2685 expensas
1227 2611 1265 2667 ad
1291 2614 1405 2667 tentum
1435 2608 1588 2681 negotium
1618 2626 1684 2665 exe·

456 2682 567 2777 mlum
626 2696 783 2767 quendum,
804 2698 903 2752 caeteri
923 2697 1042 2768 quidem
1066 2716 1125 2754 non
1147 2696 1294 2754 timebunt
1317 2693 1478 2751 oblationes
1502 2699 1616 2751 vostras
1633 2693 1684 2753 vel

625 2786 732 2837 eaetora
758 2798 940 2853 quacunque
967 2782 1134 2838 invenerint
1163 2798 1268 2837 manus
1294 2796 1405 2845 corum,
1432 2778 1547 2835 abunde
1577 2784 1609 2834 et
1628 2794 1684 2849 pro

624 2866 711 2921 libitu
742 2884 795 2921 suo
826 2866 989 2937 expendere
1019 2866 1068 2921 vel
1097 2865 1253 2938 dissipare.
1302 2864 1342 2919 Et
1371 2880 1439 2920 oum
1476 2862 1685 2920 devoraverint

623 2950 730 3013 omnia,
757 2967 811 3004 uec
841 2951 884 3005 sic
909 2949 1029 3020 quidem
1059 2950 1168 3015 satiati,
1188 2947 1424 3016 {murmurabunt
1454 2948 1546 3004 donec
1572 2946 1685 3004 suerint

623 3032 717 3103 pieriis
735 3031 843 3088 vestris
863 3033 997 3088 saturati.
1037 3033 1209 3089 Consultius
1228 3050 1301 3104 erge
1325 3031 1453 3097 videtur,
1473 3030 1635 3087 oblationes
1653 3036 1686 3087 et

624 3134 724 3172 omues
755 3117 908 3172 thesauros
939 3118 1083 3183 ecclesiae,
1115 3119 1141 3173 si
1173 3118 1248 3174 forte
1279 3118 1477 3173 Romanorum
1508 3104 1682 3187 improbitas

623 3199 811 3272 paucioribus
831 3201 933 3257 satiari
952 3218 1009 3256 non
1033 3202 1171 3272 potuerit,
1195 3219 1248 3272 pro
1266 3200 1399 3257 ecclesiae
1418 3199 1555 3256 libertate
1573 3197 1683 3255 tuende

624 3283 783 3350 effundere,
804 3302 893 3357 cluam
918 3286 981 3341 haee
1007 3287 1104 3341 omnia
1129 3304 1197 3341 cum
1223 3286 1289 3356 ipsa
1312 3285 1449 3341 libertate
1468 3282 1614 3349 amittere,
1633 3282 1684 3339 vel

626 3368 704 3439 quod
722 3369 818 3440 magis
837 3367 1000 3424 timendum
1020 3376 1075 3436 est,
1096 3388 1132 3424 nc
1155 3370 1220 3441 ipsa
1238 3369 1434 3425 ecclesiates
1453 3366 1577 3423 amittat.
1614 3364 1684 3422 Jam

458 3460 614 3514 retrusorum
627 3453 704 3507 enim
722 3471 823 3509 rumor
841 3454 879 3509 ad
897 3471 949 3510 nos
968 3472 1063 3525 usquo
1082 3454 1225 3524 pervenit,
1244 3452 1323 3523 qued
1340 3452 1497 3509 diffinitum
1509 3455 1556 3507 est
1567 3449 1682 3522 aliquos

456 3512 608 3605 ifliifffissmi
627 3554 659 3591 ex
677 3536 760 3590 robis
779 3554 831 3607 por
849 3538 914 3592 loca
932 3537 1050 3594 diversa
1068 3538 1249 3610 dispergere,
1270 3543 1304 3594 ut
1321 3537 1370 3592 vel
1388 3536 1431 3592 sie
1449 3534 1572 3592 consilio
1583 3538 1683 3592 vestm

456 3612 614 3714 glfnfgfflfflm,
627 3619 789 3683 debilitato,
809 3626 839 3675 ot
856 3622 970 3677 viribus
990 3622 1141 3694 dispersis,
1162 3623 1257 3695 possit
1280 3622 1421 3692 perficere
1446 3621 1524 3692 quad
1546 3619 1681 3675 intendit.

458 3701 575 3757 corna-nis.
627 3702 759 3772 Dissipat
777 3703 933 3758 eonsilium
953 3707 1032 3762 istud
1051 3725 1119 3762 cum
1137 3707 1252 3763 caeteris
1272 3706 1328 3776 Qui
1352 3705 1509 3777 dissiparit
1526 3702 1681 3760 consilium

625 3785 783 3840 Aehitol'el.
823 3787 906 3855 Quod
925 3790 950 3843 si
969 3791 1023 3847 hoe
1042 3792 1200 3863 aliquando
1219 3791 1416 3856 attentaverit,
1431 3806 1487 3845 non
1506 3789 1564 3844 erit
1581 3788 1682 3845 statim

625 3870 799 3937 exeundum,
820 3890 873 3927 nec
899 3874 988 3930 etiam
1017 3895 1069 3947 pro
1096 3877 1195 3947 aliqua
1220 3894 1308 3947 quam
1329 3874 1437 3930 inferre
1462 3872 1592 3945 potuerit
1617 3888 1680 3928 sen·

625 3955 727 4021 tentia,
755 3956 813 4011 nisi
839 3974 919 4013 more
939 3959 1085 4030 prsedenis
1112 3960 1198 4032 quasi
1225 3959 1357 4031 captivos
1385 3957 1484 4030 gladio
1502 3956 1617 4013 vinctos
1635 3973 1683 4011 ex·

458 4052 529 4095 'rtur-a
540 4053 581 4096 aa
625 4040 755 4095 traxerit.
794 4041 841 4096 Ad
860 4043 999 4099 ultimum
1017 4044 1166 4111 timemus,
1187 4050 1221 4099 ut
1240 4061 1312 4114 quos
1330 4060 1389 4098 non
1401 4041 1531 4113 potuerit
1543 4057 1683 4112 superare

457 4105 569 4199 [ζζῖἐξξῖξῆ
626 4123 737 4195 impetu
756 4124 875 4191 furoris,
896 4128 1002 4184 afficiat
1026 4128 1177 4184 blanditiis
1203 4135 1233 4184 et
1257 4127 1420 4199 promissis,
1442 4124 1607 4182 seducendo
1624 4123 1684 4196 pri·

457 4211 706 4262 ¹Jt·t'‹'¹¹0l⁰r·rnum
725 4226 774 4264 eos
794 4228 844 4280 spe
864 4211 952 4278 inani,
974 4230 1098 4284 quorum
1117 4211 1205 4268 fidem
1229 4211 1365 4268 novimus
1391 4210 1585 4266 infirmorum.
1624 4206 1682 4263 Sed

483 4280 582 4326 “l-¹⁵¹⁰·
624 4292 767 4350 Dominus
791 4295 943 4352 confirmet
961 4315 1011 4353 cer
1030 4302 1162 4354 vestam
1181 4294 1288 4368 spiritu
1306 4294 1422 4352 consilii
1440 4299 1471 4349 et
1489 4290 1680 4355 fortitudinis,

627 4385 659 4432 ut
685 4378 805 4448 possitis
832 4398 918 4451 opere
945 4388 975 4437 et
1001 4400 1133 4438 sermone
1161 4381 1250 4436 corda
1277 4378 1439 4434 dolentium
1464 4375 1619 4441 consolari,
1652 4379 1683 4429 et

626 4462 809 4518 infirmorum
833 4465 1109 4535 pusillanimitatem
1134 4466 1308 4522 confortare,
1346 4464 1494 4518 Praeterea
1523 4460 1682 4531 diligenter

457 4564 613 4626 Bersumno
626 4546 766 4600 attendite
806 4549 898 4614 robis,
936 4569 972 4604 uc
1015 4550 1219 4622 qaroquomcdo
1256 4547 1370 4619 aliquid
1406 4544 1544 4602 statuatis
1581 4549 1683 4600 contra

458 4616 597 4709 {ffifflflt
626 4628 755 4699 priorem
784 4641 914 4686 vestrum
943 4640 972 4689 at
1000 4635 1118 4700 fratres,
1141 4635 1190 4705 qui
1218 4638 1380 4705 posueruut
1398 4631 1510 4686 animas
1535 4646 1604 4684 suaa
1628 4644 1681 4699 pro

456 4718 594 4791 cariattho
625 4712 719 4777 robis,
748 4731 802 4768 uec
830 4716 925 4772 foedus
954 4718 1074 4789 aliquod
1096 4720 1200 4774 ineatis
1223 4719 1333 4788 absque
1359 4734 1459 4771 cerunt
1485 4713 1679 4771 conniventia.

456 4779 524 4819 Μ’
627 4796 754 4865 Quodsi
774 4802 912 4867 feceritis,
934 4803 1009 4874 quod
1030 4805 1117 4869 absit,
1139 4803 1237 4859 nescio
1262 4804 1287 4857 si
1313 4801 1422 4873 poterit
1440 4799 1565 4855 ecclesia
1582 4802 1682 4854 vestra

626 4881 662 4934 ab
687 4880 775 4951 hujus
805 4885 932 4941 insa-miae
961 4898 1030 4942 nota
1062 4889 1092 4942 in
1123 4895 1265 4943 aeternum
1292 4885 1424 4958 purgari.
1464 4883 1566 4938 Movet
1584 4886 1681 4936 autem

626 4984 712 5036 quam
740 4968 883 5038 plurimos
909 4972 963 5026 hcc
983 4972 1062 5041 quud
1088 4972 1199 5027 fecistis
1224 4976 1324 5027 contra
1343 4972 1466 5025 fratrem
1484 4968 1678 5038 Haymonem,

625 5050 676 5118 qui
707 5052 786 5107 solus
818 5072 947 5127 pugnam
978 5055 1064 5112 istam
1095 5074 1254 5128 aggressus
1286 5061 1331 5110 est
1356 5072 1409 5125 pro
1440 5052 1534 5117 robis,
1567 5051 1597 5106 in
1623 5066 1680 5121 quo
