4192 6392
606 1206 670 1268 146
896 1217 1067 1267 nersroun
1091 1185 1379 1277 esuruasmusn's

438 1458 595 1553 risibili&
709 1463 843 1520 CLXIX.
884 1464 1034 1521 anneum
1055 1477 1132 1518 rara
1151 1463 1307 1519 Pnnrrrus
1324 1479 1382 1520 anx
1400 1463 1555 1519 sancias

439 1610 587 1661 marianos
644 1595 718 1651 Cum
746 1593 875 1649 universi
903 1594 1003 1649 fideles
1029 1593 1087 1649 Dei
1108 1594 1350 1650 Cantumiensem
1377 1596 1530 1650 ecelesiam
1556 1595 1668 1651 iutuitu

439 1661 576 1754 {ffiffi
607 1681 684 1735 beati
697 1679 816 1735 Thomae
834 1680 973 1750 martyris
992 1679 1118 1751 diligere
1137 1685 1300 1743 tencantur,
1314 1699 1368 1735 nos
1386 1680 1543 1735 uicinitatis
1556 1681 1668 1735 intuitu

440 1762 578 1855 rpffihgrch
607 1770 637 1820 et
662 1764 804 1835 genitoris
829 1765 922 1819 nostri
949 1770 1096 1836 respectu,
1118 1766 1168 1834 qni
1195 1765 1358 1835 gloriosum
1383 1771 1542 1836 martyrem
1563 1763 1669 1820 dilexit

439 1825 583 1922 innectis
607 1849 702 1904 adhue
720 1849 877 1912 virentem,
898 1849 1019 1903 eandem
1038 1850 1223 1920 propensiori
1243 1850 1348 1904 affeetu
1367 1849 1503 1922 amplecti
1520 1854 1666 1904 tenemur.

439 1914 571 2010 ξζξῗψ
607 1933 717 1988 Audito
735 1932 834 2003 itaque
862 1932 940 2003 qnod
964 1938 1124 1988 conventus
1144 1933 1228 1988 illius
1249 1934 1380 1989 eeclesiae
1399 1933 1436 1989 ad
1453 1933 1541 2005 pedes
1560 1938 1668 1988 vestras

608 2016 769 2073 sanctitatis
795 2034 862 2071 suos
890 2016 996 2091 dirigit
1019 2017 1152 2082 nuncios,
1171 2023 1305 2075 vestram
1323 2037 1377 2090 pro
1395 2018 1496 2074 eadem
1514 2035 1669 2073 exoramus

607 2101 821 2173 paternitatem,
851 2105 884 2155 ut
909 2102 941 2155 in
971 2102 1032 2157 suis
1066 2102 1258 2173 petitionibus
1286 2103 1364 2158 eirea
1394 2121 1480 2158 suum
1515 2102 1669 2173 negotium

608 2191 789 2241 maturatum
802 2185 928 2240 sentiant
940 2186 1088 2257 requitatis
1102 2193 1208 2241 vestrm
1218 2187 1375 2257 justitiam.
1414 2186 1556 2258 Dominus
1566 2185 1671 2243 dilatet

608 2270 671 2327 dies
684 2275 797 2326 vestros
816 2270 847 2326 iu
865 2277 997 2341 tempora
1014 2271 1157 2341 longiora,
1178 2279 1261 2344 puter
1280 2278 1386 2328 sancte.
1425 2273 1527 2327 Amen.

442 2509 598 2605 &tiliis
701 2505 818 2562 CLXX.
858 2506 1006 2563 emman
1026 2520 1104 2561 rara
1124 2506 1295 2562 eoas-arms
1316 2508 1422 2563 Siren
1442 2508 1585 2565 Dmsrsn.

467 2649 571 2692 fassae.
645 2640 819 2699 Sanctarum
845 2641 1059 2712 seripturarum
1084 2641 1268 2698 documentis
1295 2648 1326 2698 et
1351 2643 1490 2715 exemplis
1515 2642 1671 2699 erudimur

442 2711 599 2813 ffgffiffl‘
609 2732 644 2783 nt
661 2731 828 2782 sanctornm
846 2724 1048 2781 tribulationes
1063 2731 1177 2781 nostras
1189 2727 1389 2797 compassione
1402 2727 1551 2783 faeminas.
1587 2728 1669 2784 Hinc

441 2812 600 2906 ffiwffimfflg·
613 2817 660 2868 est
686 2810 765 2883 quod
792 2815 952 2866 conventus
972 2809 1191 2866 cantuariensis
1219 2812 1350 2867 ecelesia
1376 2813 1459 2869 novis
1481 2819 1511 2868 ct
1528 2812 1670 2870 inauditis

442 2874 570 2958 ordiar&
611 2894 816 2952 afflictionibus
841 2911 877 2949 ex
903 2893 1017 2950 intimis
1045 2895 1139 2950 saneti
1161 2896 1269 2952 amoris
1294 2896 1433 2952 medullis
1463 2897 1661 2954 condolemus.

442 2963 586 3060 Μζθοξξῗ
610 2980 771 3051 Indignum
798 2978 945 3049 siquidem
967 2978 1052 3033 nobis
1076 2979 1203 3045 videtur,
1224 2987 1259 3035 ut
1283 2981 1406 3036 ecelesia
1423 2983 1583 3038 multorum
1600 2983 1671 3037 reli·

442 3027 525 3162 ἓῗῑρῑὲᾱ
610 3066 761 3136 giosorum
787 3064 918 3119 virorum
936 3062 1079 3118 doctrinis
1105 3069 1135 3119 et
1155 3065 1287 3120 moribus
1309 3066 1475 3131 informata,
1495 3085 1571 3122 nuno
1601 3073 1671 3139 post

459 3129 483 3160 ¹¹¹
517 3129 561 3163 ⁰⁸⁸⁰
609 3151 701 3205 multa
730 3148 848 3213 soeeula,
876 3147 1058 3219 quorundam
1095 3149 1271 3204 scholarium
1302 3151 1426 3221 argutiis
1456 3151 1669 3224 archiepiscopi

608 3234 796 3306 simplicitate
821 3233 1011 3291 abutentium.
1031 3233 1229 3304 perturbetur,
1256 3240 1384 3299 veretur,
1405 3241 1435 3290 et
1461 3235 1498 3291 ad
1523 3243 1669 3293 exmcmas

612 3317 823 3391 quodammodo
842 3317 957 3372 favillas
982 3322 1157 3373 attenuetur.
1196 3316 1378 3390 Quapropter
1396 3319 1542 3375 sanctitati
1560 3325 1670 3376 vestrm

611 3405 721 3474 gratias
748 3403 873 3474 agimus,
895 3401 973 3472 quod
999 3420 1116 3474 eausam
1144 3419 1246 3457 eorum
1265 3403 1341 3457 sieut
1369 3403 1493 3474 dignum
1518 3405 1576 3460 fuit
1599 3406 1669 3461 hae·

612 3496 696 3544 tenus
714 3488 838 3552 fovistis,
857 3487 987 3542 omnium
1015 3505 1137 3558 procum
1164 3487 1303 3543 instantia
1327 3494 1485 3553 exorantes,
1512 3495 1546 3544 ut
1571 3490 1670 3546 adhue

613 3574 655 3627 eis
681 3573 835 3636 assistatis,
856 3571 945 3625 donee
972 3589 1060 3625 carisa
1090 3588 1191 3625 eornm
1216 3572 1323 3626 bonum
1350 3574 1487 3627 sortiatur
1514 3573 1610 3639 linem,
1639 3582 1671 3630 et

613 3655 813 3712 laborantibus
847 3655 979 3708 debiturn
1006 3655 1169 3709 subsidium
1198 3661 1228 3708 et
1252 3657 1351 3710 efficax
1377 3657 1559 3712 concedatur.
1613 3659 1672 3714 Pia

612 3745 680 3794 vote
706 3746 804 3794 vestra
829 3742 996 3810 promoveat
1016 3739 1104 3793 Pater
1131 3740 1408 3805 misericordiarum,
1436 3742 1551 3797 domiue
1581 3756 1670 3798 vene·

614 3823 713 3878 rande.

444 4025 595 4120 abilii&
685 4016 829 4086 {CLXXL
868 4019 1025 4072 libramus
1045 4020 1246 4074 Wreouumusr
1265 4023 1413 4075 nriseoro²
1427 4023 1596 4077 Cossutius

562 4110 566 4117 ’
586 4098 603 4121 ”
1021 4102 1258 4158 Circeiensem.

448 4248 601 4308 'rhoeam-eut
653 4243 734 4297 Licet
773 4244 943 4315 divulgante
976 4246 1051 4299 lama
1088 4254 1192 4299 uostris
1229 4247 1454 4319 circumquaque
1491 4249 1671 4305 ventilentur

447 4302 559 4401 milam
616 4328 818 4383 tribulationes
837 4334 866 4383 et
887 4330 1039 4400 augustin,
1061 4347 1109 4383 eus
1129 4335 1226 4384 tamen
1244 4332 1408 4401 paternitati
1429 4338 1534 4387 vestrm
1558 4334 1670 4390 certius

447 4402 575 4494 iiim„
617 4431 759 4485 exponere
778 4414 956 4468 credidimus
983 4414 1128 4485 expedire,
1149 4415 1229 4468 nesi
1250 4416 1315 4486 quis
1340 4416 1422 4471 nobis
1441 4417 1669 4481 adversantium.

448 4501 646 4574 orerecurrunt
672 4499 825 4552 veritatem
849 4505 977 4553 nostra-m
1004 4498 1173 4552 obnubilare
1200 4501 1401 4569 qumentium,
1423 4519 1506 4556 secus
1531 4520 1617 4572 quum
1638 4524 1671 4559 se

448 4554 603 4648 ffifflffl'
616 4600 663 4637 res
694 4583 829 4637 habuerit
858 4583 940 4638 vobis
973 4583 1128 4654 quiequam
1160 4586 1233 4637 sorte
1267 4587 1459 4656 suggesserit,
1492 4585 1580 4640 dubia
1615 4607 1670 4660 pro

617 4667 713 4731 certis,
741 4673 792 4721 ant
818 4673 896 4722 certe
924 4668 998 4722 sulse
1023 4686 1076 4739 pro
1102 4667 1179 4722 reris
1206 4668 1363 4740 recipiatis.
1404 4670 1478 4724 Sane
1501 4678 1623 4742 quantas
1653 4694 1671 4729 u

652 4900 740 4949 ¹'lhis
763 4902 812 4949 and
832 4900 874 4950 the
899 4901 1029 4963 following
1046 4902 1141 4971 letterj
1202 4902 1342 4952 '2William
1372 4904 1495 4957 Norlbell,
1524 4904 1613 4969 bisbop
1644 4909 1676 4956 ol

617 4996 680 5029 were
691 4981 813 5043 probably
826 4980 944 5030 obtained
961 4982 995 5044 by
1008 4981 1119 5030 thesaur
1137 4991 1141 5049 ξ
1169 4981 1320 5043 worcester,
1334 4988 1489 5033 tlte-1190.

616 5061 706 5109 monle
728 5075 761 5107 on
783 5060 850 5109 their
873 5075 929 5124 wey
943 5061 980 5126 vby
1001 5059 1072 5109 Paris
1093 5069 1118 5109 to
1138 5056 1141 5099 ἶ

618 5139 660 5187 the
670 5146 742 5188 court
753 5137 782 5185 of
789 5137 875 5188 Rome.
1137 5136 1141 5196 l
