4192 6392
613 1202 677 1264 180
896 1209 1069 1261 srrsroaa
1091 1206 1382 1272 clarummane,

460 1387 583 1434 Amnes
616 1385 666 1450 tis,
685 1402 738 1457 per
756 1384 813 1439 Dei
831 1385 957 1456 gratiam
984 1385 1015 1438 in
1040 1384 1171 1455 proximo
1195 1382 1343 1439 credimus
1361 1381 1492 1438 liberari.
1528 1379 1674 1439 Conside-

452 1440 584 1547 lfsssffiy‘
618 1475 681 1524 rate
699 1469 859 1540 diligenter
883 1475 914 1525 et
939 1468 1047 1535 videte,
1077 1469 1103 1524 si
1129 1473 1208 1524 esset
1234 1467 1327 1534 dolor,
1347 1467 1424 1523 sicut
1450 1466 1533 1522 dolor
1549 1473 1814 1534 noster3hma12

451 1554 585 1647 liveddper
620 1553 679 1607 niei
699 1553 725 1606 is
743 1569 819 1623 papa
838 1552 1002 1624 Gregorius
1026 1557 1140 1607 nature
1166 1551 1311 1605 maturius
1334 1550 1537 1612 concessisset,
1555 1549 1610 1620 qui
1636 1546 1676 1601 de

451 1616 597 1707 ffi'tgssbssry
621 1636 805 1708 plenitudine
823 1636 970 1708 gaudebat
987 1635 1151 1707 potestatis,
1170 1652 1223 1690 nos
1241 1652 1295 1705 per
1312 1634 1414 1689 orbem
1432 1639 1580 1688 terrarum
1596 1648 1678 1687 esse·

452 1706 609 1800 ffifflen
622 1739 689 1775 mus
707 1720 897 1792 dispergendi
915 1720 993 1776 etde
1005 1726 1087 1774 terra
1097 1718 1260 1774 viventium
1278 1717 1453 1789 extirpandi.
1485 1715 1677 1772 Considerate

454 1819 496 1860 ur·
624 1805 714 1860 etiam
741 1821 830 1875 quam
855 1804 1031 1860 miraculose
1058 1803 1211 1859 vobiscum
1238 1803 1335 1873 egerit
1360 1801 1550 1873 Omnipotens
1568 1799 1606 1855 de
1623 1799 1679 1854 illo

455 1881 602 1977 fflffim·
624 1889 692 1954 alio,
711 1886 894 1954 Albanensi,¹
922 1893 1124 1959 oppugnatore
1150 1892 1249 1942 vestro
1276 1885 1371 1941 adhuc
1398 1884 1567 1956 superstite,
1591 1883 1679 1955 cujus

456 1944 590 2043 orele-nb?
625 1972 696 2027 licet
714 1978 807 2026 morte
825 1971 1005 2027 mandatoris
1028 1971 1207 2042 exspirasset
1231 1970 1398 2035 auotoritas,
1418 1975 1516 2025 tamen
1533 1986 1570 2023 ex
1587 1965 1679 2022 abun·

457 2033 598 2127 ΜΟἯ
626 2055 717 2119 danti,
731 2073 767 2109 ne
785 2056 910 2111 ulterius
928 2055 1101 2127 procederet
1112 2073 1178 2126 qua
1189 2071 1247 2109 non
1259 2054 1455 2110 seminaverat
1472 2050 1681 2124 congregando

458 2115 560 2230 Q&
628 2145 658 2195 et
675 2139 894 2206 accumulando,
914 2139 1156 2211 permundatum
1180 2138 1373 2211 apostolicum
1391 2138 1427 2193 de
1445 2137 1567 2194 coneilio
1585 2134 1680 2191 cardi·

628 2223 740 2278 nalium
757 2230 804 2280 est
826 2242 894 2280 cum
920 2243 974 2281 sua
999 2224 1179 2280 confusione·
1192 2229 1356 2280 revocatus.
1395 2222 1527 2294 Dignum
1553 2235 1683 2290 namque

628 2307 687 2363 fuit
711 2313 743 2363 et
766 2308 874 2363 rationi
900 2326 1069 2374 consonum,
1090 2314 1124 2364 ut
1142 2306 1220 2379 quod
1236 2306 1410 2363 inconsultis
1435 2306 1577 2362 fratribus
1594 2303 1683 2358 modo

629 2391 768 2447 hactenus
794 2392 934 2448 inusitato
961 2392 1131 2455 inoleverat,
1159 2390 1262 2446 eadem
1280 2391 1419 2446 facilitate
1447 2408 1506 2462 qua
1523 2388 1684 2445 etinctum

630 2482 676 2530 est
693 2476 863 2531 solemniter
880 2476 1058 2540 irritaretur,
1079 2483 1109 2531 et
1125 2475 1236 2530 nullius
1260 2481 1430 2530 censeretur
1447 2491 1512 2529 esse
1529 2471 1682 2528 momenti.

629 2559 698 2614 Non
715 2558 831 2615 suffecit
849 2561 876 2615 ci
894 2578 948 2631 per
972 2578 1097 2632 regnum
1115 2559 1340 2615 Teutonicorum
1359 2558 1545 2623 debacchare,
1566 2562 1597 2612 et
1613 2573 1684 2612 suas

630 2661 765 2700 exercere
788 2643 1020 2715 jurisdictionee,
1047 2644 1106 2698 nisi
1133 2649 1163 2698 et
1188 2643 1220 2697 in
1244 2661 1337 2715 regno
1363 2643 1544 2699 Francorum
1568 2647 1600 2697 et
1622 2642 1685 2695 An·

631 2728 749 2799 glomm
775 2729 908 2799 generali
937 2730 1112 2800 fungeretur
1138 2727 1295 2799 legatione,
1323 2733 1423 2799 utpote
1453 2727 1505 2799 qui
1534 2742 1685 2783 summum

631 2819 701 2867 tunc
731 2812 873 2884 temporis
902 2813 1071 2884 pontificem
1101 2812 1163 2868 suis
1197 2812 1404 2867 blandimentis
1439 2813 1684 2876 circumvenerat,

631 2903 776 2968 quatenus
794 2897 821 2952 si
838 2896 983 2953 voluisset
1009 2896 1108 2952 omnia
1132 2913 1225 2967 regne
1249 2895 1351 2950 mundi
1378 2896 1441 2951 suis
1458 2896 1579 2951 nutibus
1597 2912 1685 2967 expo·

462 2995 584 3039 Moeno
631 2982 749 3037 suisset.
792 2980 1014 3047 Verumtamen,
1034 2987 1191 3051 antequam
1220 2981 1360 3036 terminos
1389 2980 1572 3036 Alemannis
1598 2980 1686 3053 plene

462 3046 579 3150 ffi
631 3065 834 3131 subintrasset,
853 3083 925 3120 suus
943 3065 1041 3136 ipsum
1068 3063 1177 3119 delusit
1194 3063 1308 3136 Apollo,
1327 3070 1358 3119 et
1383 3082 1451 3119 eum
1477 3065 1585 3120 littere
1601 3075 1727 3121 reve-v
1773 3075 1814 3126 ,Δ

462 3147 589 3242 fflffi'
583 3149 621 3242 13¹
630 3150 748 3205 catoriae
765 3149 1057 3220 comprehenderunt.
1096 3147 1166 3204 Sive
1183 3148 1306 3203 redierit
1322 3148 1354 3203 in
1371 3148 1504 3221 proximo
1527 3148 1590 3206 sive
1612 3166 1684 3214 non,
1697 3128 1730 3172 ἰ

462 3248 583 3293 norum.
630 3233 728 3288 minus
746 3233 833 3289 solito
851 3233 949 3305 ipsum
972 3231 1149 3298 verebimur,
1176 3232 1228 3302 qui
1252 3232 1407 3287 minimum
1432 3233 1550 3304 poterit,
1570 3233 1623 3304 qui
1647 3233 1685 3289 de

629 3324 737 3374 cratero
762 3317 842 3373 solus
868 3318 935 3383 erit,
962 3323 992 3373 et
1016 3335 1061 3372 va
1091 3317 1156 3381 soli,
1185 3321 1233 3371 ete.
1271 3316 1444 3388 Quicunque
1471 3318 1624 3374 confluunt
1645 3319 1814 3378 ednotus

631 3403 754 3466 curiam,
775 3403 838 3457 sive
858 3402 968 3457 fuerint
985 3400 1021 3455 de
1047 3400 1164 3456 clericis
1189 3400 1280 3472 regis,
1308 3401 1371 3457 sive
1395 3419 1462 3468 uon,
1483 3403 1545 3458 sive
1571 3403 1685 3459 fuerint
1696 3386 1730 3426 Μ

630 3486 747 3551 divites,
761 3486 823 3542 sive
835 3486 977 3540 mediocri
995 3485 1112 3540 fortuna
1128 3484 1303 3550 laborantes,
1316 3503 1348 3541 se
1366 3486 1449 3541 nobis
1467 3492 1617 3558 opponunt
1635 3487 1684 3543 ad·

630 3570 785 3634 versarios,
806 3572 847 3624 ita
863 3587 934 3624 vero
952 3568 1031 3639 quod
1058 3587 1076 3623 a
1102 3568 1217 3624 clericis
1243 3569 1378 3639 publicus
1402 3571 1494 3626 hostis
1518 3578 1682 3643 reputatur,

633 3655 684 3724 qui
702 3653 785 3707 nobis
804 3670 939 3708 serenum
963 3653 1079 3706 vultum
1106 3671 1124 3707 a
1149 3653 1281 3724 partibus
1308 3655 1416 3709 vestris
1442 3656 1563 3711 veniens
1588 3664 1685 3713 osten·

543 3799 545 3803 ,
633 3738 720 3802 derit,
747 3744 798 3792 aut
824 3739 855 3791 in
886 3755 1017 3792 sermone
1042 3742 1093 3790 aut
1120 3737 1178 3791 alio
1208 3740 1421 3793 communicare
1451 3743 1683 3813 presumpserit.

465 3838 595 3882 rhoeam
635 3820 748 3890 Quanto
775 3838 846 3875 vero
873 3822 973 3892 plures
999 3820 1159 3876 adveniunt
1185 3827 1215 3876 et
1241 3823 1327 3892 plura
1345 3824 1522 3894 confingrmt,
1543 3832 1624 3881 tanto
1642 3827 1686 3881 eia

465 3891 603 3985 fflfffiss
635 3906 731 3959 minor
759 3904 830 3959 fides
850 3905 983 3970 habetur,
1003 3923 1116 3977 nosque
1143 3905 1240 3960 minus
1267 3925 1317 3961 cos
1346 3908 1546 3974 formidamus,
1567 3912 1638 3983 quia
1661 3910 1686 3964 si

467 3992 527 4084 {313
536 3993 596 4044 Eua·
635 3989 771 4044 venerint
787 3989 869 4042 mille
889 3989 936 4044 vel
961 3988 1062 4043 decem
1086 3990 1189 4054 millia,
1210 3989 1247 4044 ad
1265 4008 1318 4045 nos
1337 4009 1389 4062 per
1408 3992 1464 4046 Dei
1484 3994 1613 4064 gratiam
1630 4011 1688 4048 non

468 4055 588 4138 hmibmto
636 4072 919 4143 appropinquabunt.
941 4072 978 4126 In
989 4073 1123 4128 omnibus
1136 4074 1244 4128 litteris
1253 4075 1334 4146 regis
1346 4075 1463 4130 domino
1472 4094 1554 4148 papae
1567 4078 1688 4133 directis

468 4155 503 4186 ¹¹⁸·
550 4199 552 4201 .
635 4157 776 4211 inseritur
800 4156 863 4210 haec
888 4156 1029 4221 clausula,
1058 4156 1235 4227 “Quicquid
1260 4177 1314 4228 pro
1340 4159 1457 4214 domino
1484 4160 1689 4218 cantuariensi

638 4245 656 4269 ‘⁶
670 4241 809 4304 feceritis,
825 4257 956 4310 personae
974 4248 1082 4295 nostras
1100 4242 1266 4312 impensum
1284 4244 1487 4315 reputabimus
1497 4245 1526 4310 ;’'
1546 4247 1583 4301 de
1601 4265 1688 4318 opere

635 4344 706 4382 vero
734 4326 795 4380 sive
827 4324 862 4378 de
889 4324 955 4378 aliis
983 4342 1035 4379 uos
1063 4325 1301 4397 contingentibus
1327 4328 1402 4383 nihil
1420 4330 1589 4401 expressius
1606 4349 1688 4388 mau-

636 4411 731 4466 datur.
770 4410 850 4463 Bene
869 4409 974 4474 valete,
994 4415 1025 4463 et
1042 4415 1124 4464 orate
1142 4428 1196 4481 pro
1215 4411 1308 4467 nobis.

672 4714 679 4744 ¹
697 4712 793 4778 Henry,
809 4713 921 4763 cardinal
939 4714 1030 4779 bishop
1048 4716 1079 4764 of
1092 4716 1140 4765 Al·
1188 4720 1248 4768 took
1259 4720 1302 4770 the
1314 4735 1382 4771 cross
1393 4721 1420 4770 iu
1428 4722 1472 4772 the
1481 4724 1570 4789 spring
1578 4726 1609 4774 ol*
1618 4731 1689 4776 1188.

638 4792 711 4855 bano,
726 4795 881 4854 1179-1188,
892 4809 945 4843 vvas
955 4795 1036 4859 legate
1043 4796 1139 4848 toGer·
1189 4799 1244 4849 The
1255 4799 1345 4865 bishop
1357 4801 1386 4851 of
1402 4803 1504 4855 Albano
1524 4804 1583 4854 died
1601 4805 1629 4854 iu
1648 4805 1690 4855 the

638 4887 714 4937 many
726 4872 814 4923 atthis
831 4873 911 4924 time:
929 4873 950 4922 it
961 4889 1012 4923 was
1023 4875 1088 4924 frum
1099 4874 1140 4924 his
1188 4879 1319 4946 following
1329 4881 1399 4946 July.

637 4950 719 5000 hands
746 4952 801 5002 that
828 4952 965 5003 hedenek
988 4953 1141 5006 Barbarossa
