4192 6392
609 1161 675 1224 510
892 1173 1063 1223 russeus
1086 1171 1373 1237 usuminmusas,

456 1353 579 1396 All-12⁰⁰·
609 1351 718 1420 sigillis
737 1350 865 1406 inclusas
883 1352 967 1406 nobis
985 1353 1144 1416 mittentes,
1164 1351 1328 1424 proximum
1347 1353 1455 1407 festum
1482 1352 1569 1410 beati
1596 1356 1679 1412 Mar·

440 1403 571 1513 mffiffffi‘
609 1437 663 1490 tini
693 1436 923 1507 peremptorium
949 1437 1108 1491 terminum
1138 1437 1269 1508 partibus
1300 1438 1469 1508 assignetis,
1507 1439 1549 1493 ed
1585 1460 1678 1513 quem

440 1522 484 1562 ma
493 1521 512 1562 it
521 1521 583 1563 unde
608 1526 780 1590 recepturae,
801 1520 926 1574 Domino
943 1521 1070 1585 volente,
1092 1521 1275 1585 seutentiam,
1302 1529 1399 1577 nostro
1427 1541 1459 1577 se
1492 1527 1676 1597 conspectui

440 1572 522 1673 a&
530 1572 572 1614 11111
609 1612 827 1675 repraeeentent.
864 1604 1010 1660 Volumus
1029 1611 1126 1660 autem
1145 1613 1179 1661 ut
1196 1607 1226 1660 in
1245 1605 1447 1661 Cantuariensi
1467 1608 1605 1664 ecclesia
1622 1611 1677 1665 fiat

609 1689 730 1743 testium
756 1688 894 1759 receptio,
914 1706 981 1742 curn
1007 1688 1083 1744 alius
1109 1689 1191 1745 locus
1218 1707 1277 1744 non
1302 1689 1396 1761 possit
1421 1691 1564 1761 partibus
1593 1712 1676 1749 com·

607 1774 753 1843 patentior
771 1771 924 1840 assignari.
963 1770 1091 1840 Quodsi
1110 1779 1284 1838 omnesete.
1323 1773 1432 1829 Datum
1450 1773 1599 1832 Laterani
1618 1778 1673 1834 xii.

608 1856 746 1911 kalendas
766 1855 785 1909 J
787 1857 858 1919 unii,
878 1855 1064 1926 pontificatus
1082 1858 1177 1912 nostri
1195 1875 1269 1912 anno
1287 1858 1383 1913 tertio.

606 1963 646 2016 In
664 1961 780 2017 cauden
797 1961 911 2017 modum
937 1963 1141 2019 Caesariensi
1168 1964 1383 2037 archiepiscopo,
1413 1965 1513 2022 “Jam
1542 1969 1672 2037 toties,”

1010 2055 1078 2116 etc,
1098 2053 1130 2103 et
1148 2067 1247 2121 supra

460 2257 572 2362 ffityrffi
713 2256 850 2312 DXLVI.
888 2257 1007 2313 Domo
1025 2271 1103 2311 rura
1122 2257 1292 2314 Convsnms
1310 2257 1555 2315 Csnrmnrnnsus.

463 2358 572 2404 ⁰⁰⁸⁰b0‘·
641 2371 717 2442 Quia
736 2374 822 2444 juxta
848 2379 1015 2445 temporum
1044 2373 1203 2429 varietates
1237 2380 1267 2430 et
1296 2391 1396 2428 rerum
1426 2375 1667 2444 vicissitudines,

438 2437 591 2533 fflfflf‘nl
603 2457 737 2513 hnmana>
761 2458 980 2514 consuetudinis
1008 2464 1054 2513 est
1078 2457 1230 2513 hominurn
1248 2459 1380 2513 vicissim
1398 2459 1515 2515 variare
1532 2462 1668 2518 necessi·

437 2541 590 2636 5223&
603 2548 688 2608 tates,
709 2543 869 2599 secundnm
897 2542 1100 2597 diversitatem
1125 2543 1312 2597 vexationum
1331 2547 1510 2608 nostrarum,
1535 2563 1666 2616 quarum

436 2641 557 2686 inconsist-
604 2627 693 2682 facies
712 2645 790 2698 saepe
810 2633 840 2681 et
858 2626 956 2681 subito
980 2627 1012 2679 in
1039 2625 1159 2681 diversa
1176 2633 1317 2691 mutetur,
1337 2627 1486 2698 majestati
1504 2636 1617 2684 restrae
1635 2635 1667 2684 et

437 2693 590 2789 ffiffissffi
602 2712 684 2766 varia
702 2711 839 2774 scribere,
860 2717 890 2765 et
908 2710 944 2764 ab
963 2709 1066 2764 eadem
1084 2710 1289 2782 compellimur
1306 2728 1362 2781 pro
1380 2717 1548 2783 temporum
1569 2714 1666 2785 quali·

436 2795 551 2838 tretiaor
602 2802 663 2850 tate
693 2794 810 2849 diversa
839 2794 998 2865 postulare.
1047 2793 1123 2848 Saue
1154 2812 1222 2849 eum
1253 2795 1401 2849 sanctitati
1431 2802 1539 2850 vestrae
1566 2815 1665 2869 nuper

604 2879 809 2950 scripserimus
827 2885 915 2949 prout
932 2879 976 2932 rei
1000 2879 1112 2933 veritas
1138 2883 1207 2933 tunc
1234 2880 1375 2950 temporis
1395 2897 1427 2934 se
1445 2879 1561 2944 habuit,
1584 2881 1665 2953 quod

603 2965 634 3019 in
659 2964 792 3035 partibus
818 2963 937 3026 nostris,
964 2961 1087 3024 scilicet,
1113 2961 1292 3017 defensionis
1323 2962 1437 3033 copiam
1466 2964 1663 3020 sufficientem

603 3049 734 3103 invenire
764 3065 822 3102 non
854 3047 1014 3118 potuimus,
1041 3046 1167 3115 ideoque
1198 3046 1313 3102 litteras
1343 3049 1541 3102 revocatorias
1574 3050 1663 3104 nobis

436 3127 529 3174 (ΜΠ
603 3132 751 3203 indulgeri
785 3131 963 3202 petivimus:
997 3130 1068 3185 dum
1094 3130 1189 3200 igitur
1225 3148 1273 3186 eas
1307 3131 1490 3200 aliquamdiu
1524 3133 1662 3203 expectass

437 2843 478 2886 the
487 2857 575 2900 enemy.

435 3180 585 3276 ltcdilrlidmd
602 3217 708 3279 rimus,
731 3221 875 3270 venerunt
902 3233 936 3268 ex
955 3215 1112 3285 insperato,
1132 3231 1221 3268 eausa
1239 3214 1378 3269 visitandi
1404 3221 1568 3285 martyrem
1595 3235 1662 3271 nos-

435 3281 570 3376 ffllssgss*
601 3306 690 3364 trum,
705 3301 852 3356 scholares
872 3298 991 3369 quidam
1010 3298 1045 3352 de
1063 3299 1197 3368 partibus
1216 3298 1437 3354 transmarinis:
1459 3300 1510 3369 qui
1522 3299 1662 3357 videntes

435 3383 506 3425 ”²⁰¹³-
601 3386 753 3454 angustias
778 3384 882 3437 animm
907 3389 1025 3444 nostra,
1048 3389 1079 3435 et
1099 3382 1238 3453 martyris
1258 3383 1367 3437 intuitu
1384 3383 1574 3437 miseriarum
1593 3403 1662 3439 nos-

435 3489 563 3543 'lhostis-e
599 3477 712 3523 trarum
739 3469 863 3531 miserti,
884 3485 938 3538 pro
969 3485 1004 3520 eo
1035 3466 1103 3520 laeti
1131 3472 1199 3520 sunt
1225 3474 1365 3528 oratores,
1393 3484 1481 3537 quem
1507 3469 1660 3538 supplices

435 3546 563 3634 gffigff‘ssh„
601 3563 740 3607 venerant
765 3553 895 3606 adorare.
942 3551 1076 3619 Cumque
1105 3549 1215 3603 diutius
1247 3558 1277 3603 et
1303 3551 1404 3603 diebus
1431 3551 1533 3604 multis
1558 3570 1660 3606 coram

435 3643 557 3704 retrursus
597 3638 747 3707 jiulieibus
778 3637 921 3702 delegatis
953 3636 1060 3687 fuisset
1090 3635 1126 3687 de
1161 3636 1281 3703 negotio
1311 3635 1502 3704 disputatum,
1537 3637 1660 3690 tandem

435 3695 706 3789 (rlieiltoilsfflliolmerffl
733 3721 792 3773 illm
818 3719 1006 3773 revocatoriae
1036 3727 1277 3787 supervenerunt,
1300 3720 1407 3789 quibus
1436 3720 1501 3772 ideo
1527 3721 1575 3773 usi
1602 3741 1659 3775 non

435 3795 579 3894 ld‘fffiffll
601 3824 712 3865 suiuus,
735 3804 881 3872 quiajam
901 3803 1062 3855 secundum
1089 3811 1218 3855 tenorem
1246 3803 1378 3873 priorum
1398 3803 1564 3856 litterarum
1585 3805 1660 3859 adeo

435 3896 588 3956 liavealnady
601 3892 696 3941 fuerat
714 3906 893 3957 processum.
909 3887 987 3956 quod
1002 3887 1065 3956 jum
1085 3888 1162 3940 faeta
1181 3894 1244 3941 erat
1263 3887 1415 3957 productio
1434 3888 1554 3940 testium
1569 3908 1660 3958 super

435 3947 567 4045 {iffiffl‘ffil
601 3973 771 4042 spoliatione
790 3979 897 4032 nostru,
919 3979 948 4023 et
967 3971 1127 4040 disputatio
1153 3978 1182 4024 et
1206 3972 1364 4031 conclusis,
1387 3971 1506 4040 solaque
1528 3973 1661 4027 instabat

435 4049 581 4149 ffifpg‘ffint
602 4056 745 4111 sententia
763 4055 798 4108 de
823 4055 1006 4108 restitutione
1035 4056 1226 4109 ecclesiarum
1256 4062 1284 4107 et
1310 4055 1478 4108 exeniorum
1503 4056 1589 4110 nobis
1617 4059 1658 4109 la·

435 4135 565 4193 raviuirablc
601 4141 702 4196 cienda
733 4140 778 4192 vel
810 4138 989 4206 deneganda.
1035 4138 1111 4204 Quia
1141 4158 1213 4208 ergo
1244 4139 1274 4191 in
1302 4140 1410 4192 litteris
1441 4141 1658 4207 posterioribus

435 4207 548 4244 1111111111·
601 4225 801 4281 continebatur
828 4223 960 4275 clausula
987 4222 1048 4284 illa,
1079 4224 1201 4285 scilieet,
1231 4224 1257 4275 si
1281 4223 1406 4276 siendum
1436 4228 1476 4275 cst
1500 4226 1659 4280 secernis-ru

601 4317 719 4365 tenorem
749 4307 878 4361 illaudati
909 4306 999 4359 uestri
1029 4307 1062 4359 in
1092 4326 1182 4360 carisa
1205 4326 1375 4377 processum,
1402 4311 1431 4359 et
1458 4308 1527 4376 quia
1557 4327 1657 4379 spera-

600 4397 703 4449 bamus
717 4394 794 4464 qumi
812 4392 895 4445 nobis
915 4398 993 4444 esset
1012 4392 1161 4445 restitutio
1175 4392 1307 4445 socienda
1326 4410 1378 4461 por
1397 4392 1509 4461 priores
1530 4392 1656 4454 litteras,

601 4500 668 4535 curn
688 4480 863 4533 sufficienter
891 4477 1012 4546 probat-a
1038 4483 1117 4530 esset
1134 4476 1281 4547 possessio
1306 4483 1335 4529 et
1360 4476 1512 4546 spoliatio;
1534 4496 1587 4547 per
1614 4498 1659 4533 se-

601 4566 709 4620 cundas
737 4571 835 4617 autem
866 4562 991 4623 litteras,
1026 4558 1077 4629 [si]
1117 4561 1242 4614 luissent
1273 4561 1419 4622 exhibite,
1453 4579 1501 4612 res
1532 4562 1658 4617 nimiam

601 4651 766 4704 dilationem
786 4646 927 4715 rapiebat,
949 4652 978 4697 et
1004 4645 1074 4714 quia
1098 4663 1154 4697 non
1179 4652 1242 4697 eru-t
1262 4645 1291 4697 in
1315 4644 1526 4714 posterioribus
1547 4646 1657 4701 litteris

600 4735 636 4788 de
655 4732 793 4800 cogernlis
812 4731 944 4784 testibus.
961 4729 1022 4780 sinc
1042 4747 1166 4797 quorum
1186 4730 1334 4782 coactione
1353 4730 1383 4781 in
1402 4729 1467 4781 aliis
1488 4732 1658 4797 questioni-

600 4821 664 4881 bus,
685 4818 720 4870 de
740 4816 821 4868 curia
840 4815 952 4867 seilicet
971 4820 1000 4865 et
1020 4814 1155 4873 marisca,
1183 4814 1373 4866 sufficientem
1398 4814 1519 4867 testium
1539 4817 1657 4884 copiam

599 4923 656 4957 non
687 4917 839 4972 possemus
870 4898 985 4959 habere,
1007 4897 1073 4949 ideo
1091 4897 1290 4965 periculosum
1316 4898 1413 4951 risum
1440 4904 1486 4951 est
1512 4899 1598 4952 nobis
1627 4912 1658 4955 et

599 4988 770 5041 damnosum
789 5002 842 5053 per
860 4982 973 5035 litteras
993 4980 1059 5034 illas
1078 4980 1247 5050 procedere.
1286 4981 1371 5035 Unde
1393 4983 1557 5036 consultius
1577 4986 1657 5038 resti·

599 5071 743 5125 marimus
768 5086 816 5121 eas
844 5085 932 5138 penes
958 5084 1010 5119 nos
1037 5065 1174 5125 retinere.
1196 5083 1283 5135 quam
1303 5067 1332 5118 iu
1357 5065 1496 5119 damnum
1515 5073 1545 5122 et
1564 5068 1656 5123 detri-

599 5162 729 5210 mentum
747 5158 880 5207 nostrum
897 5150 1059 5205 ostendere.
1098 5148 1245 5220 Quicquid
1262 5149 1356 5220 igitur
1375 5151 1525 5207 sanctitati
1543 5161 1654 5208 vestra
