4192 6392
630 1171 695 1235 182
911 1180 1085 1233 EPls'l'om
1106 1176 1397 1241 mmmmm,

476 1361 532 1406 Ml·
540 1363 599 1406 118&
627 1355 702 1411 libet
721 1372 779 1409 non
802 1373 957 1427 possumus
976 1374 1034 1411 non
1051 1356 1165 1412 timere.
1204 1354 1280 1410 Sane
1297 1352 1432 1409 dominus
1450 1348 1686 1416 (lantuariensis,

461 1486 511 1532 m
519 1488 584 1532 mh·
630 1440 667 1495 ad
687 1439 824 1496 solatium
841 1441 943 1513 populi
962 1441 1019 1506 sui,
1038 1458 1097 1496 non
1113 1440 1226 1496 utinam
1246 1438 1284 1493 sd
1296 1437 1505 1494 desolationem
1523 1439 1686 1491 conventus

461 1539 597 1633 pssnlppptpzs
630 1525 687 1590 sni,
713 1530 747 1580 ut
769 1524 856 1580 multi
887 1530 1031 1590 asserunt,
1064 1542 1181 1579 crucem
1212 1522 1333 1594 aceepit.
1378 1521 1469 1593 Cujus
1498 1521 1571 1576 lieet
1598 1518 1686 1577 nobis

461 1642 562 1689 moesto

630 1609 780 1664 multoties
798 1608 922 1664 molesta
933 1609 1023 1663 fuerit
1034 1608 1200 1681 presentia,
1213 1623 1398 1678 nequaquam
1416 1611 1515 1661 tamen
1525 1620 1686 1679 possumus

462 1689 596 1794 {hagiam
630 1693 712 1748 illius
731 1693 936 1764 {equanimiter
961 1694 1108 1749 sustinere
1126 1691 1297 1747 absentiam.
1335 1689 1405 1761 Ipso
1430 1689 1509 1744 enim
1531 1692 1607 1744 teate
1627 1685 1686 1757 Qui
1700 1694 1814 1739 Partim

552 1773 558 1786 '
631 1779 714 1833 novit
740 1777 919 1843 abscondita,
939 1795 1094 1849 personam
1119 1776 1200 1831 illius
1219 1775 1332 1830 sincera
1357 1775 1389 1828 in
1413 1772 1538 1828 Domino
1562 1768 1686 1828 caritate

631 1861 795 1933 diligimus,
814 1861 886 1916 licet
905 1879 959 1933 pro
978 1860 1088 1916 tuenda
1106 1859 1237 1916 eeclesiae
1257 1858 1392 1914 libertate
1411 1866 1442 1914 et
1459 1854 1570 1913 ordinis
1589 1856 1686 1912 nostri

631 1945 783 2000 honestate
801 1945 998 2000 conservanda
1014 1945 1214 2016 inposterum
1241 1942 1377 2014 operibus
1396 1943 1460 2014 ejus
1478 1941 1684 1997 reclamemus.

631 2027 720 2084 Absit
738 2029 815 2082 enim
834 2047 852 2084 a
871 2028 956 2084 nobis
976 2033 1011 2084 ut
1028 2027 1141 2100 aliquid
1159 2027 1300 2082 faciamus
1322 2026 1400 2098 quod
1420 2031 1533 2098 patrem
1551 2029 1687 2081 neonium

632 2111 780 2177 dedeceat,
793 2112 842 2166 vel
851 2112 964 2185 aliquid
976 2112 1012 2167 do
1025 2110 1162 2185 operibus
1182 2112 1246 2183 ejus
1257 2111 1413 2183 loquamur
1424 2112 1456 2165 in
1467 2109 1591 2175 occulto,
1605 2107 1687 2183 qnod

633 2214 691 2250 non
701 2197 983 2268 possimusprobare
996 2196 1028 2250 in
1039 2196 1166 2268 publico.
1205 2194 1289 2251 Licet
1301 2194 1380 2250 enim
1401 2201 1462 2250 tam
1480 2212 1533 2266 per
1551 2211 1584 2250 se
1596 2210 1687 2267 quam

634 2297 687 2352 per
699 2298 767 2335 suos
780 2279 984 2346 diffamaverit,
999 2285 1029 2335 et
1039 2281 1128 2352 longe
1141 2279 1226 2335 aliter
1245 2296 1334 2350 qnam
1347 2296 1378 2335 se
1387 2278 1496 2345 habeat
1506 2276 1551 2334 rei
1562 2276 1685 2342 veritas,

634 2365 681 2420 sni
693 2365 729 2420 de
741 2364 824 2419 nobis
836 2364 1070 2437 praedieaverint,
1084 2363 1213 2419 dicentes
1232 2363 1311 2434 quod
1322 2362 1481 2419 mendaciis
1492 2361 1600 2419 nostris
1617 2377 1687 2418 enm

465 2455 583 2518 abesan}
633 2449 799 2521 opprimere
811 2453 841 2504 et
852 2449 960 2504 famam
973 2447 1037 2520 ejus
1050 2449 1205 2520 denigrare
1217 2446 1432 2514 contendimus;
1445 2465 1498 2502 nos
1510 2451 1615 2512 minen,
1627 2444 1686 2500 nisi

465 2507 613 2601 22:¹1?th
634 2533 713 2606 quod
723 2531 850 2588 mundus
869 2533 986 2596 clamat,
1006 2539 1037 2588 ot
1055 2551 1144 2604 opera
1161 2533 1316 2588 manifesta
1335 2531 1505 2604 loquuntur,
1524 2530 1599 2586 nihil
1610 2546 1687 2603 praa·

465 2607 605 2713 ffllae
633 2617 764 2672 dicamus
783 2621 835 2672 aut
857 2615 992 2671 dicimus.
1030 2617 1195 2688 Majestetis
1215 2634 1286 2688 ergo
1310 2622 1415 2671 vestrae
1443 2615 1578 2689 pedibus,
1600 2620 1687 2687 pater

604 2690 825 2764 ⁸sanctissime,
852 2699 1091 2767 clementissime,
1111 2718 1212 2756 omnes
1237 2707 1267 2755 et
1299 2700 1409 2772 singuli
1433 2699 1590 2773 provoluti,
1616 2716 1686 2754 cum

631 2785 770 2857 lacrymis
789 2783 981 2855 postulamus,
1003 2790 1147 2856 quatenus
1171 2784 1278 2839 divine
1301 2783 1497 2840 miserationis
1521 2782 1631 2839 intuitu
1656 2787 1687 2838 et

632 2870 711 2926 boati
741 2869 860 2925 Thomae
889 2868 1039 2941 martyris,
1066 2869 1151 2925 oculo
1169 2868 1378 2924 misericordiae
1402 2867 1537 2925 miserias
1567 2873 1685 2924 nostras

633 2953 741 3009 intueri
768 2958 799 3009 et
827 2952 959 3007 relevare
987 2952 1160 3024 dignemini,
1189 2958 1218 3008 et
1248 2951 1445 3008 sollicitudine
1471 2951 1614 3025 pastorali
1645 2952 1688 3008 itu

632 3036 787 3109 providere
805 3036 955 3108 subjectis,
970 3055 1007 3092 ne
1019 3055 1082 3102 nos,
1104 3037 1155 3109 qui
1173 3036 1304 3108 quotidie
1322 3036 1398 3091 same
1417 3043 1447 3091 et
1463 3035 1562 3092 inedia
1586 3036 1688 3092 multi·

633 3121 748 3194 pliciter
765 3119 940 3184 cruciamur,
960 3119 1082 3176 obtentu
1099 3119 1195 3176 crucis
1212 3120 1244 3175 in
1267 3125 1442 3193 perpetuum
1466 3119 1686 3192 crucifigamur,

633 3211 664 3260 et
693 3206 810 3276 signum
839 3205 974 3260 humanm
1004 3203 1214 3275 redemptionis
1243 3205 1327 3260 nobis
1356 3205 1416 3269 fiat,
1448 3204 1526 3276 quod
1561 3204 1688 3260 nimium

634 3288 833 3355 formidamus,
862 3289 1027 3361 patibulum
1055 3289 1228 3344 afflictionis.
1273 3288 1375 3347 Vitam
1402 3293 1432 3343 et
1455 3287 1688 3345 incolumitatem

633 3381 761 3429 vestram
782 3379 935 3429 conservet
946 3373 1010 3428 Rex
1027 3391 1133 3444 regum
1152 3378 1182 3428 et
1200 3372 1342 3429 Dominus
1361 3372 1583 3439 dominantium,
1603 3379 1688 3444 pater

635 3458 870 3514 clementissime.

395 3699 399 3709 ·
484 3686 607 3735 reorum·
635 3679 769 3735 CXCIX.
791 3680 909 3734 Desino
923 3680 1073 3735 Gauriiuo
1087 3681 1248 3736 Onomar
1262 3681 1431 3738 Conversus
1444 3683 1685 3740 omnesomnes.

467 3817 621 3911 ffelffiopgppt
669 3811 888 3868 Gantuarionsis
907 3815 1046 3879 eeclesiae,
1068 3816 1152 3885 eujus
1171 3822 1279 3870 statum
1297 3817 1494 3872 miserabilem
1522 3819 1689 3873 describere

468 3920 597 3962 niualem
633 3914 687 3950 noo
705 3898 814 3951 scimus
841 3915 894 3951 nee
914 3900 1082 3964 sufficimus,
1112 3901 1292 3955 calamitates
1323 3909 1353 3957 et
1379 3903 1512 3958 miseriae
1540 3905 1688 3960 sanctitati

467 3970 622 4065 &1212lest
633 3987 739 4035 vestrm
758 3982 828 4037 satis
846 3983 993 4037 credimus
1012 3985 1180 4050 innotuisse,
1200 3991 1264 4039 tum
1282 3985 1344 4057 'per
1362 3988 1466 4041 fratres
1493 3993 1610 4042 nostros
1638 3989 1689 4059 qui

634 4066 672 4120 ad
701 4066 812 4119 curiam
849 4084 937 4122 causa
974 4069 1148 4139 exponendas
1185 4070 1291 4124 flebilis
1322 4072 1485 4125 afflictionis
1517 4079 1627 4127 nostrie
1658 4080 1688 4128 et

634 4151 832 4222 oppressionis
866 4152 1004 4206 inauditae
1038 4155 1161 4225 profecti
1195 4161 1272 4219 sunt,
1310 4161 1374 4211 tum
1413 4174 1465 4227 per
1491 4157 1689 4227 frequentiam

636 4236 862 4291 commeantium
880 4237 916 4290 ab
935 4245 1060 4308 utroque
1079 4257 1179 4309 regne,
1207 4259 1331 4310 quorum
1349 4242 1456 4296 clamor
1474 4243 1634 4297 ascendens
1660 4244 1690 4297 in

635 4322 751 4385 coelum,
768 4321 831 4392 jam
849 4323 983 4392 pervenit
999 4323 1031 4376 in
1049 4325 1218 4378 universum
1236 4326 1336 4379 orbem
1354 4332 1508 4381 terrarum.
1547 4326 1691 4383 Dominus

636 4405 782 4475 siquidem
794 4406 1039 4478 archiepiscopus,
1052 4413 1157 4478 preter
1170 4408 1232 4462 sola
1244 4427 1365 4480 corpora
1378 4417 1407 4464 et
1419 4411 1538 4465 claustri
1551 4412 1689 4483 parietes,

469 4501 591 4573 'l'poarph-
636 4490 709 4543 uihil
727 4490 810 4543 nobis
829 4491 950 4562 reliquit
967 4491 997 4544 in
1016 4492 1134 4554 mundo,
1156 4493 1208 4546 scd
1233 4494 1332 4548 elerici
1351 4495 1431 4550 illius
1459 4514 1540 4551 noum
1559 4499 1688 4570 capellis,

470 4555 611 4648 Bssss'ss'spffm
637 4592 724 4644 quum
743 4574 900 4645 praedictus
920 4576 1155 4646 archiepiscopus
1167 4578 1198 4630 in
1211 4578 1429 4634 subversionem
1442 4581 1545 4635 matris
1558 4583 1690 4638 ecclesian

469 4656 612 4749 ggifffflr
637 4658 778 4755 fundavit,
806 4660 918 4713 curiam
948 4667 1087 4724 nostram,
1116 4662 1202 4717 villas
1233 4669 1263 4718 et
1292 4665 1489 4735 possessiones
1520 4672 1550 4720 et
1579 4668 1690 4737 praedia

470 4758 616 4810 posessione,
636 4750 815 4798 nivaserunt.
853 4744 923 4813 Quae
943 4746 1038 4800 omnia
1063 4747 1189 4817 qualiter
1208 4749 1266 4820 ipsi
1291 4749 1455 4805 distrahant
1481 4758 1511 4805 et
1538 4751 1688 4824 diripiant,

637 4846 772 4882 enarrare
785 4829 867 4883 nobis
886 4830 971 4884 valde
991 4836 1069 4884 esset
1088 4831 1214 4887 difficile.
1254 4833 1329 4888 Sane
1354 4853 1420 4889 cuin
1442 4835 1576 4891 dominus
1596 4840 1690 4894 arehi-

613 4952 616 4957 -
636 4914 790 4985 episeopus
810 4913 845 4967 de
863 4914 1048 4969 reformando
1067 4915 1096 4969 in
1121 4917 1269 4988 integrum
1288 4925 1366 4974 stetu
1390 4926 1499 4986 nostre,
1520 4927 1550 4977 et
1568 4922 1605 4976 de
1623 4923 1692 4978 novi

636 4999 732 5067 operis
752 4998 947 5063 demolitione,
974 5000 1082 5071 saepius
1112 5003 1281 5059 mandatum
1311 5006 1456 5076 receperit
1486 5008 1689 5079 apostolicum,

636 5082 667 5138 in
690 5083 771 5138 nullo
798 5083 825 5137 oi
854 5084 971 5153 penitus
1002 5085 1213 5157 obtemperans,
1240 5107 1293 5145 nec
1318 5091 1505 5160 appellationi
1535 5092 1567 5147 in
1591 5093 1691 5166 aliquo
