4192 6392
604 1218 668 1285 258
889 1225 1061 1278 srisrousr
1085 1221 1376 1284 oauruaruuusss,

453 1423 576 1470 annea
605 1422 636 1470 et
652 1411 823 1486 praedictam
842 1427 1015 1483 quoeunque
1033 1409 1120 1463 modo
1138 1408 1313 1464 solutionem
1331 1406 1458 1462 differre.
1496 1406 1655 1477 Sequentcs

462 1477 566 1580 goiffi,
605 1502 704 1573 itaque
721 1499 887 1553 voluntates
905 1502 1029 1559 vestras,
1051 1513 1117 1566 quae
1134 1511 1378 1567 proposueramus
1396 1494 1426 1548 in
1445 1493 1543 1548 anima
1559 1498 1657 1547 nostra

436 1589 574 1634 Wewnted
605 1584 785 1642 mutavimus
813 1583 942 1639 consilia.
979 1581 1068 1652 Apud
1093 1580 1300 1636 cluniacenses
1320 1598 1391 1650 ergo
1410 1597 1459 1634 eos
1478 1578 1655 1650 aliquamdiu

436 1641 580 1736 iiiiffiobr‘i'
606 1670 833 1742 expectavimus,
853 1668 914 1731 ubi,
935 1665 1050 1738 quando
1068 1667 1183 1721 veniret
1200 1666 1334 1721 dominus
1353 1665 1506 1729 Ostiensis,
1522 1665 1573 1734 qui
1591 1681 1656 1718 ren·

435 1741 594 1846 fflssnffldat
605 1763 691 1811 turus
718 1760 771 1819 est,
799 1755 896 1809 minus
924 1752 1078 1809 certificati
1099 1771 1211 1817 sumus,
1232 1755 1366 1826 quumvis
1394 1755 1472 1825 quod
1497 1755 1599 1809 venire
1628 1753 1656 1806 iu

438 1844 595 1938 {hultffigu
606 1841 739 1913 proximo
758 1840 871 1905 debeat,
884 1857 936 1911 per
955 1840 1110 1895 monachos
1124 1840 1342 1904 cluniacenses,
1357 1842 1407 1913 qui
1421 1841 1515 1895 Roma
1526 1842 1657 1894 recenter

437 1906 588 1993 viimam}
606 1927 757 1982 redierant
775 1927 932 2003 exanimes,
945 1926 1019 1980 viris
1037 1925 1229 1981 validissimis
1248 1927 1342 1998 ipsius
1361 1927 1493 1980 ecelesias
1512 1925 1553 1979 ibi
1566 1929 1657 1978 morte

437 1995 566 2093 {fflffi
608 2011 744 2075 detentis,
758 2010 896 2065 certiores
909 2010 1013 2064 effecti.
1040 2010 1193 2065 Fratribus
1205 2011 1298 2081 igitur
1310 2029 1383 2081 quos
1396 2011 1537 2065 emisistis
1549 2025 1657 2064 moram

606 2095 748 2164 majorem
774 2113 862 2166 quam
886 2094 1060 2166 putabamus
1088 2095 1271 2158 facientibus,
1291 2094 1329 2149 ad
1352 2095 1495 2150 nundinas
1522 2090 1656 2148 Proviui¹

607 2183 798 2243 revertentes,
827 2181 905 2235 eirca
924 2179 1117 2235 Catellionem
1136 2198 1209 2251 quos
1228 2180 1328 2235 obvios
1352 2182 1460 2237 habere
1484 2182 1656 2254 putabamus

440 2279 592 2323 wesenttlu
609 2264 770 2320 amisimus.
808 2264 871 2320 Nos
889 2283 960 2319 vero
979 2265 1132 2334 sexaginta
1150 2282 1273 2328 mareas,
1294 2284 1367 2337 quas
1385 2267 1509 2322 misistis
1528 2267 1565 2321 ad
1582 2264 1656 2319 redi·

440 2331 572 2433 {olma
609 2348 744 2406 mendam
774 2348 862 2403 fidem
891 2355 1030 2413 nostram,
1051 2348 1151 2404 Remis
1182 2350 1359 2413 remisimus,
1391 2352 1434 2405 ibi
1468 2349 1657 2405 reservandas

441 2434 589 2526 miffvr
610 2451 704 2504 usque
722 2433 759 2489 ad
777 2433 887 2488 domini
904 2434 1011 2505 prioris
1033 2433 1199 2499 adventum,
1220 2435 1256 2488 de
1276 2453 1333 2506 quo
1352 2435 1471 2489 Provini
1490 2454 1543 2505 per
1561 2433 1656 2489 Romi·

441 2515 578 2578 10111101ωέ.
611 2518 715 2590 pedam
735 2517 880 2589 quendam
898 2517 1051 2573 certificati
1070 2536 1180 2572 snmus.
1206 2517 1289 2574 Dixit
1300 2519 1378 2573 enim
1391 2519 1469 2590 quod
1481 2520 1512 2573 in
1524 2520 1657 2589 ingressu

443 2621 566 2666 waheuil
610 2603 737 2659 verone
764 2620 832 2657 eum
859 2602 968 2657 viderit
988 2607 1193 2666 revertentem,
1215 2610 1245 2657 et
1270 2604 1376 2657 fratres
1402 2603 1475 2657 duos
1503 2621 1570 2656 eum
1598 2603 1656 2662 illo,

443 2673 562 2773 ffiriffid
612 2688 783 2760 qualitatem
801 2705 991 2759 personarum
1011 2687 1188 2742 describens.
1224 2687 1293 2758 ipso
1312 2687 1399 2741 etiarn
1419 2686 1466 2740 die
1484 2688 1612 2742 asseruit
1629 2705 1659 2741 se

444 2774 560 2827 hishopor
612 2773 643 2827 in
655 2771 879 2827 mensadomini
892 2770 1037 2827 Ostiensis
1051 2772 1195 2826 incudem
1213 2773 1332 2826 civitate
1345 2772 1515 2826 comedisse.
1542 2772 1659 2827 Fratres

443 2824 590 2869 Oattsmst
731 2857 737 2868 .
935 2858 941 2870 .
1080 2858 1086 2869 .
1244 2857 1250 2869 .

443 2876 573 2920 remmon
611 2863 710 2912 autem
728 2857 796 2910 1llos
815 2862 989 2927 superstites
1008 2857 1154 2910 eredimus
1174 2856 1324 2911 dommum
1342 2856 1501 2911 Rudull'um
1517 2857 1658 2927 quondam

442 2926 568 2981 theirway.
611 2940 876 3012 eleemosynarium
907 2959 972 2996 esse
1003 2945 1033 2995 et
1068 2941 1245 3010 magistrum
1279 2940 1471 2995 Willelmnm.
1525 2940 1658 2996 Monaehi

611 3025 689 3079 enim
718 3023 934 3089 Oluuiacenses,
963 3024 999 3078 do
1026 3024 1133 3095 quibus
1160 3024 1386 3096 supradiximus,
1415 3025 1498 3079 nobis
1526 3024 1661 3079 dixerunt

611 3107 689 3180 quod
707 3110 774 3164 illos
792 3115 907 3164 tantum
926 3109 1100 3181 superstites
1118 3110 1315 3180 reliquissent.
1339 3110 1413 3163 Erat
1429 3127 1499 3164 vero
1517 3109 1659 3181 Anglieus

611 3194 732 3265 quidam
762 3197 849 3247 natus
876 3193 912 3247 do
942 3193 1097 3264 Radingis,
1118 3194 1168 3264 qui
1196 3194 1249 3248 hoe
1279 3194 1362 3247 nobis
1394 3195 1549 3249 enarravit.
1600 3192 1660 3247 Alii

612 3294 728 3349 quoquo
754 3277 841 3332 multi
865 3278 928 3348 jam
954 3278 1122 3333 rumoribus
1149 3278 1214 3333 istis
1240 3284 1406 3338 consonant.
1433 3284 1467 3331 ut
1493 3279 1530 3332 de
1555 3284 1659 3331 caetero

613 3362 691 3433 quod
718 3362 827 3417 dicitur
853 3362 950 3416 minus
977 3381 1042 3418 csse
1062 3363 1157 3435 possit
1175 3363 1356 3434 ambiguum.
1394 3363 1478 3418 Unde
1497 3381 1553 3433 ego
1572 3365 1661 3417 frater

612 3447 641 3502 J.
663 3447 762 3502 statim
782 3446 1006 3502 adventantibus
1018 3449 1213 3519 perrexissem
1226 3448 1351 3511 obviam,
1365 3449 1423 3502 nisi
1436 3448 1525 3501 loculi
1538 3448 1660 3501 leviores

444 3546 515 3588 sose
524 3545 582 3589 11110
612 3549 753 3602 expensas
781 3532 898 3585 omnino
925 3538 1092 3601 negassent.
1132 3531 1275 3600 Quocirca
1299 3551 1357 3585 una
1382 3550 1448 3584 eum
1468 3531 1546 3584 sorio
1564 3537 1660 3584 nost-ro

443 3599 584 3691 {gfffljffpffnu
612 3616 728 3669 domino
747 3615 795 3678 R„
817 3615 917 3668 Remis
944 3633 1110 3686 regressus,
1131 3618 1270 3670 viaticum
1297 3617 1442 3687 accipiens
1462 3617 1519 3670 iter
1540 3615 1659 3685 arripui.

613 3700 704 3769 Spero
722 3704 828 3752 'autem
853 3701 1098 3770 prosequentibus
1127 3702 1306 3755 orationibus
1331 3702 1360 3754 in
1388 3701 1469 3754 brevi
1500 3719 1557 3771 qno
1576 3699 1660 3754 tendo

443 3800 582 3862 Th⁰¹³i³¹l⁰v
611 3782 775 3854 pervenire.
814 3782 961 3836 Caeterum
987 3785 1137 3838 (lominum
1159 3784 1324 3838 Ostiensem
1343 3785 1452 3839 ideireo
1472 3786 1500 3838 iu
1521 3783 1660 3838 veniendo

443 3852 568 3894 ⁰¹⁰⁵t¹ss¹⁸
613 3867 724 3921 diutius
751 3867 875 3921 detineri
903 3867 999 3931 eredo,
1033 3871 1101 3939 quia
1130 3870 1337 3924 Lumliardiam
1368 3875 1459 3924 totam
1491 3875 1661 3922 commotam

443 3903 591 4004 dimidiu
613 3958 643 4006 et
672 3952 873 4006 conturbatam
899 3952 1018 4015 invenit,
1040 3961 1070 4007 et
1096 3956 1159 4024 paei
1188 3954 1362 4009 intransitu
1388 3973 1440 4007 suo
1461 3953 1659 4015 reformandae,

443 4003 484 4045 the
492 4007 552 4047 state
561 4007 586 4047 ot
631 4037 636 4048 .
749 4037 755 4048 .
892 4036 897 4048 .
1019 4038 1025 4049 .
1282 4038 1288 4051 .
1680 4033 1685 4048 ι
1772 4046 1774 4054 .

445 4055 579 4109 Lomaaffly,
614 4043 690 4091 siout
715 4036 809 4090 filium
835 4054 915 4107 pacis
943 4037 1050 4095 decuit.
1078 4056 1195 4109 operam
1223 4038 1304 4092 dedit
1334 4041 1417 4098 sorte.
1446 4045 1475 4092 et
1506 4057 1523 4092 a
1551 4024 1769 4093 summonitus

612 4121 747 4191 pontifice
766 4121 933 4181 mandatum
959 4124 1081 4193 accepit,
1102 4132 1180 4177 ecrtu
1200 4123 1235 4176 de
1260 4125 1352 4179 officio
1376 4123 1532 4193 legationis
1552 4124 1659 4184 debuit,
1752 4188 1762 4199 ss

613 4212 646 4259 ut
665 4206 748 4276 quasi
775 4205 891 4276 pulchri
918 4206 976 4259 sint
1000 4208 1089 4277 pedes
1114 4208 1316 4262 annunciantis
1336 4226 1445 4280 pacem.
1484 4209 1590 4277 Itaque
1608 4209 1660 4261 hoe
1673 4196 1736 4244 111111
1745 4190 1768 4232 ¹¹¹·

612 4290 758 4344 modicum
784 4291 860 4345 siout
887 4291 1027 4345 haetenus
1057 4300 1205 4363 expectate
1231 4293 1421 4362 longanimes.
1443 4310 1558 4347 omnem
1584 4291 1660 4346 solli·

612 4374 772 4429 citudinem
801 4381 930 4429 vestram
961 4376 1147 4445 projicientes
1167 4377 1195 4429 in
1216 4376 1321 4440 Deum,
1343 4378 1478 4447 qnoniam
1507 4377 1569 4447 lpsi
1593 4394 1660 4430 cunr

610 4467 656 4514 est
675 4459 710 4513 de
728 4460 821 4515 vobis.
860 4460 942 4513 Licet
970 4460 1047 4512 euim
1068 4479 1127 4514 una
1145 4479 1212 4514 011111
1232 4461 1392 4531 Unigenito
1411 4462 1484 4531 Ejus
1504 4445 1774 4516 videaminiffip‘ll

612 4545 642 4598 in
670 4562 756 4598 eruce
784 4544 927 4606 derelicti,
956 4562 1056 4614 pugna
1075 4552 1172 4598 tamen
1197 4552 1295 4599 vestra
1318 4546 1483 4600 desiderato
1507 4555 1559 4600 aut
1584 4552 1659 4601 certe

612 4630 726 4684 meliori
746 4630 802 4682 fine
828 4628 988 4684 claudetur.
1027 4629 1084 4697 Qui
1110 4636 1190 4684 tenet
1207 4637 1305 4686 teneat
1323 4631 1413 4685 donee
1433 4631 1468 4685 (le.
1488 4632 1584 4686 medio
1604 4632 1658 4686 fiat.

614 4715 723 4769 Doceat
741 4731 793 4768 vos
813 4713 954 4767 Dominus
973 4714 1036 4768 rias
1058 4713 1140 4770 Suus.

1671 4615 1752 4661 ethre.
1759 4601 1774 4645 11·

644 5021 650 5048 ¹
669 5019 725 5068 The
746 5026 849 5068 autumn
861 5019 911 5067 sair
930 5020 960 5068 of
976 5017 1013 5069 St.
1026 5019 1111 5084 Ayeul
1127 5028 1151 5069 at
1164 5021 1278 5072 Provins.
1291 5022 1430 5088 beginning
1450 5038 1481 5070 on
1503 5023 1546 5072 the
1558 5023 1618 5072 feast
1635 5020 1663 5069 os

609 5098 651 5146 the
663 5096 813 5148 Exultation
825 5098 856 5147 oi
863 5098 905 5147 the
918 5096 987 5161 lioly
999 5097 1082 5149 Cross.
