4192 6392
613 1158 632 1217 2
892 1172 1063 1220 nrrsronn
1087 1169 1383 1238 carrusalnssns,

610 1343 693 1406 utile
715 1343 823 1408 visum
839 1342 915 1423 suit,
931 1350 969 1408 ut
985 1344 1123 1408 videant
1139 1343 1197 1429 qui
1212 1345 1345 1409 venturi
1360 1348 1448 1421 sunt,
1464 1348 1499 1408 et
1521 1343 1664 1408 viriliter

610 1452 712 1531 agant
750 1468 861 1510 eorum
900 1447 1127 1511 recordatione
1162 1447 1331 1526 roborati;
1369 1467 1445 1531 qum
1476 1451 1660 1512 conventus

610 1548 770 1612 sustinuit
791 1571 851 1634 pro
873 1549 1027 1613 libertate
1052 1549 1302 1614 Cantuariensis
1324 1548 1477 1629 ecclesia,
1502 1548 1660 1636 tempori·

609 1649 670 1714 bus
693 1672 894 1715 summorum
917 1652 1112 1736 pontificum
1129 1651 1273 1730 Urbani,
1296 1651 1454 1738 Gregorii,
1473 1651 1661 1726 Clementis,

610 1750 790 1829 Coelestini,
822 1752 1020 1834 Innocentii,
1056 1759 1090 1817 et
1125 1753 1443 1840 archiepiscoporum
1467 1752 1664 1830 Baldewini,

609 1861 643 1917 et
667 1853 821 1930 Huberti,
845 1855 907 1919 sub
931 1855 1064 1942 regibus
1087 1855 1275 1942 Anglorum
1291 1855 1448 1935 Henrico,
1472 1855 1614 1921 Ricardo
1628 1859 1663 1921 et

610 1955 774 2036 dohanne‚
791 1957 877 2022 sicut
902 1954 943 2022 ix
971 1979 1083 2021 eorum
1111 1957 1259 2022 omnium
1286 1958 1444 2043 epistolis,
1459 1959 1555 2022 vario
1580 1963 1665 2023 tem-

610 2079 687 2142 pore
710 2059 849 2144 scriptis,
872 2063 907 2123 ct
930 2060 965 2122 in
988 2059 1048 2124 hoc
1073 2060 1228 2145 opusculo
1252 2060 1288 2122 in
1323 2061 1471 2124 ordinem
1497 2065 1533 2125 et
1558 2080 1662 2124 unum

610 2182 725 2244 corpus
747 2161 897 2240 redactis,
922 2160 1064 2247 diligens
1086 2160 1187 2226 lector
1209 2162 1332 2246 poterit
1355 2160 1484 2226 intueri.

461 2289 516 2332 sn,
524 2295 582 2336 11⁸5,
656 2261 768 2346 Hujus
802 2267 913 2327 autem
944 2262 1171 2328 tribulationis
1200 2263 1309 2348 prima
1337 2284 1435 2328 causa
1467 2263 1541 2341 fuit,
1575 2264 1664 2349 quod

442 2340 562 2447 fflffil
607 2363 676 2447 jam
711 2365 817 2428 dictus
852 2364 1072 2439 Baldewinus,
1095 2364 1165 2449 ipso
1197 2365 1414 2450 promotionis
1448 2387 1515 2430 suae
1551 2364 1660 2441 anno,¹

440 2452 561 2554 Qil‘
611 2465 729 2529 exenia
751 2466 974 2530 maneriorum
990 2486 1066 2551 quse
1081 2466 1122 2529 dc
1140 2465 1216 2551 jure
1239 2467 1377 2551 antiquo
1400 2468 1442 2531 ad
1461 2471 1664 2532 conventum

441 2554 589 2650 ffissssssfilss„
610 2567 842 2653 pertinebant3
860 2568 1072 2653 postmodum
1089 2573 1232 2653 quatuor
1247 2568 1396 2634 ecclesias
1412 2590 1493 2654 quas
1515 2570 1665 2634 decessor

439 2652 501 2696 their

439 2715 539 2749 manos.
610 2669 680 2753 ejus
704 2668 864 2734 Ricardus
887 2691 1010 2756 magna
1041 2670 1167 2757 pietate
1200 2691 1265 2755 qua
1287 2670 1441 2756 pollebat,
1464 2671 1507 2735 ad
1529 2670 1665 2736 alendos

440 2769 597 2868 ssgrffih·
610 2770 736 2835 Christi
759 2794 926 2858 pauperes,
951 2772 1209 2857 eleemosynaria
1232 2772 1396 2858 scriptura
1412 2773 1664 2849 interveniente,

441 2882 575 2972 fflffir
608 2874 845 2959 assignaverat,
877 2874 1130 2960 procedentibus
1159 2873 1375 2939 nihilominus
1409 2874 1536 2939 domini
1558 2874 1662 2941 Alex-

439 2972 537 3080 ‘ffin
609 2975 704 3038 andri
727 2998 821 3061 papae
848 2976 941 3040 tertii
975 2975 1209 3040 consecratoris
1247 2976 1298 3040 sui
1337 2975 1596 3054 confirmatione,
1628 2981 1663 3042 et

445 3041 590 3141 briviis
610 3078 703 3142 Lucii
736 3079 793 3164 qui
826 3079 931 3142 eidem
956 3077 1150 3142 Baldewino
1183 3078 1320 3163 pallium
1354 3079 1531 3158 direxerat,
1553 3077 1665 3144 nescio

438 3192 584 3241 'l'hemonks'
609 3202 674 3266 quo
707 3181 827 3267 spiritu
850 3186 986 3267 repente
1009 3179 1179 3245 subduxit.
1227 3180 1327 3244 Unde
1361 3180 1542 3266 capitulum
1575 3179 1663 3247 Can·

438 3247 576 3364 ⁸ffim
608 3283 774 3347 tuariense
812 3289 961 3347 coactum
1000 3287 1051 3346 est
1089 3304 1250 3368 supremae
1284 3282 1372 3347 sedis
1399 3282 1564 3366 judicium
1603 3303 1665 3369 per

439 3365 595 3492 ww
607 3384 862 3470 appellationem
884 3385 1059 3472 postulare.
1108 3384 1281 3450 Crescente
1312 3385 1417 3470 igitur
1448 3385 1572 3450 semine
1589 3383 1662 3471 jur-

437 3494 505 3544 ws)
548 3479 554 3498 '
607 3486 745 3571 giorum,
769 3509 828 3573 per
859 3488 1016 3571 quosdam
1048 3487 1253 3552 venerabiles
1284 3486 1373 3551 viros
1403 3491 1516 3551 actum
1538 3491 1599 3566 est,
1623 3492 1663 3553 ut

608 3588 822 3673 appellationi
838 3590 1104 3655 renunciaretur:
1124 3611 1183 3654 nec
1198 3594 1307 3653 tamen
1323 3588 1520 3675 generaliter
1531 3587 1563 3669 3⁹
1585 3610 1661 3655 nam

439 3715 532 3760 unum
540 3729 589 3770 par.
608 3689 742 3774 quidam
773 3689 915 3755 fratrum
938 3691 1134 3757 constantiae
1157 3712 1287 3777 magnae
1310 3696 1345 3755 et
1368 3691 1455 3769 fidei,
1479 3691 1661 3757 multorum

438 3766 559 3862 iffi&
608 3792 809 3857 confratrum
847 3793 983 3858 oonsilio
1022 3792 1185 3870 suffultus,
1223 3793 1267 3858 ad
1313 3793 1437 3858 curiam
1478 3793 1662 3860 Romanam

437 3868 574 3921 mm·
607 3895 771 3980 profectus
794 3901 852 3972 est,
875 3896 1108 3981 praedictorum
1141 3895 1371 3981 spoliationem
1402 3895 1537 3961 domino
1562 3898 1662 3984 Papae

608 3996 747 4062 Urbano
771 3999 828 4083 qui
846 3997 918 4083 jam
934 3998 1136 4084 Apostolicae
1159 3997 1228 4062 sedi
1244 3998 1399 4084 praesedit
1414 4003 1611 4081 contestans,
1628 4006 1663 4065 et

607 4100 736 4166 litteras
751 4101 946 4186 impetravit
968 4100 1213 4166 commissorias.
1261 4101 1420 4166 Nondum
1443 4103 1532 4167 enim
1547 4124 1663 4169 secun·

607 4201 687 4266 dum
709 4203 957 4291 promissionem
972 4203 1206 4290 archiepiscopi
1221 4202 1354 4269 fuerant
1369 4204 1483 4269 ablata
1496 4205 1661 4271 restituta.

608 4304 748 4370 Interim
764 4306 898 4371 inimico
913 4306 1046 4371 homine
1063 4306 1255 4393 ampliorem
1271 4308 1455 4372 seminante
1467 4307 1662 4373 discordiam

438 4435 544 4498 mam
606 4408 695 4471 inter
728 4413 856 4494 patrem
888 4414 922 4473 et
956 4409 1050 4489 filios,
1074 4409 1177 4474 tacita
1199 4410 1351 4487 veritate,
1373 4409 1559 4494 impetratae
1582 4414 1663 4476 sunt

440 4487 575 4581 &idibus
606 4509 728 4574 litterae
750 4512 928 4576 abeodem
954 4511 1101 4588 Urbano,
1124 4517 1163 4576 ut
1185 4511 1298 4577 liceret
1328 4510 1569 4599 archiepiscopo
1599 4512 1662 4577 sub

438 4587 473 4679 2⁹0⁰
481 4588 593 4682 militm
607 4613 740 4676 nomine
771 4613 913 4698 capellae,
938 4614 1169 4680 canonicorum
1199 4614 1404 4679 saecularium
1434 4634 1572 4680 numero
1601 4614 1661 4680 cir·

436 4687 558 4788 &aldid
607 4714 689 4780 citer
711 4715 885 4799 sexaginta
908 4715 1076 4781 ecclesiam
1100 4717 1343 4782 celeberrimam
1369 4715 1540 4783 adificare.

746 4891 769 4896 -
783 4890 959 4897 ——-..----.-
982 4893 1179 4900 ..—..——-—-—-
1191 4892 1366 4900 ..---—--——
1377 4892 1572 4900 -..,-.-
1581 4894 1596 4901 υ

641 4982 648 5010 ¹
667 4980 708 5031 On
719 4979 762 5031 the
772 4977 937 5056 mrfiversary
954 4980 985 5029 of
996 4980 1040 5030 the
1057 4982 1106 5047 day
1190 4982 1200 5010 ²
1218 4981 1330 5032 Gervase
1341 4979 1401 5030 does
1412 4986 1457 5032 not
1467 4978 1580 5046 givethe
1588 4984 1662 5032 exact

605 5059 637 5109 of
659 5059 700 5110 his
723 5059 836 5113 electior,
870 5059 990 5125 (terrase,
1016 5060 1105 5111 Circa.
1158 5061 1257 5111 dsteof
1272 5059 1315 5111 the
1332 5059 1552 5111 renunciationos
1565 5061 1661 5125 theap·

607 5141 679 5189 urs.
1158 5141 1220 5204 pen
