4192 6392
611 1179 675 1243 142
895 1192 1068 1243 urrsnosm
1088 1190 1377 1256 caurolnmrsus,

458 1371 514 1416 Al).
522 1376 580 1418 118⁸.
606 1370 707 1441 jurare
735 1371 948 1442 compulerunt,
976 1371 1055 1443 quod
1072 1373 1103 1427 in
1127 1390 1180 1427 nos
1202 1372 1228 1426 si
1256 1371 1330 1427 forte
1356 1369 1428 1442 pro¹
1446 1385 1535 1425 causa
1560 1373 1662 1424 nostm

440 1423 578 1530 „issnffl‘
610 1453 818 1525 egrederemur
843 1473 946 1510 manus
971 1455 1133 1520 mitterent,
1159 1455 1286 1510 retinere
1310 1460 1440 1527 possent,
1459 1453 1577 1526 publico
1601 1452 1661 1507 ola·

441 1534 597 1633 {iim}
609 1556 690 1592 more
708 1543 851 1594 notarent.
889 1538 1026 1611 Ipsorum
1044 1557 1161 1612 quoque
1180 1539 1371 1595 servientium
1387 1543 1555 1594 nostrorum
1572 1553 1660 1608 qnos·

441 1643 546 1682 averto
608 1621 675 1677 dam
694 1623 826 1678 incuria
842 1627 951 1688 nostra,
972 1623 1113 1695 quosdam
1135 1619 1166 1678 in
1192 1622 1360 1679 coemeterio
1383 1623 1448 1693 ipso
1471 1622 1660 1693 interceptos,

441 1687 572 1784 ξᾚζᾟ
608 1707 681 1763 alios
700 1707 849 1779 spoliatos,
863 1707 937 1763 alios
954 1708 1127 1764 verberibus
1145 1705 1276 1775 afflictos,
1291 1707 1322 1763 in
1339 1707 1457 1764 vincula
1472 1705 1662 1779 projecerunt

442 1790 545 1844 eunom.
607 1798 638 1848 et
655 1793 828 1864 compedes;
857 1792 900 1847 its
918 1810 987 1848 sane
1005 1798 1040 1849 ut
1063 1809 1118 1848 nec
1142 1790 1259 1849 clericis
1283 1787 1402 1864 quidem
1426 1790 1568 1847 ordinatis
1591 1804 1662 1845 cnm

607 1877 674 1931 aliis
693 1875 873 1949 interceptis,
888 1877 964 1932 sacri
982 1878 1040 1933 loci
1058 1883 1110 1933 aut
1121 1879 1233 1934 ordinis
1252 1878 1410 1949 quicquam
1427 1876 1662 1949 patrocinaretur

440 1975 575 2024 Divum
607 1960 775 2017 auctoritas.
812 1961 871 2016 Pro
895 1961 943 2017 his
961 1961 1055 2033 igitur
1082 1968 1113 2018 et
1137 1962 1203 2018 aliis
1227 1962 1310 2017 nobis
1329 1966 1360 2017 et
1380 1968 1497 2026 sanctoe,
1516 1958 1662 2031 adquam

439 2029 577 2125 fflffw
607 2045 829 2118 appellavimus,
855 2044 919 2101 sedi
937 2043 1104 2117 apostolicae
1123 2045 1262 2119 irrogatis
1285 2043 1413 2117 injuriis,
1434 2044 1582 2100 celebrare
1602 2058 1666 2108 non,

441 2131 525 2190 meter
533 2144 586 2177 over
606 2135 827 2201 praesumentes,
847 2129 884 2184 ab
901 2130 1014 2185 octavis
1032 2128 1206 2201 Epiphanius
1224 2148 1242 2185 a
1259 2128 1369 2185 divinis
1387 2129 1576 2185 cessavimus.
1612 2127 1661 2183 Ab

441 2192 510 2224 ’Μ
606 2230 640 2267 eo
658 2213 751 2284 igitur
775 2212 823 2268 die
846 2228 934 2268 manu
960 2219 1073 2269 armata
1098 2213 1327 2286 circumquaque
1352 2214 1465 2271 obsessi
1492 2228 1605 2276 snmus,
1629 2216 1662 2267 et

606 2297 709 2369 primis
737 2296 856 2368 quidem
883 2295 987 2352 diebus
1012 2302 1112 2369 portas
1138 2295 1299 2354 coemeterii
1325 2297 1478 2362 obseratis,
1496 2311 1551 2353 nec
1577 2309 1662 2368 pere·

606 2380 701 2451 grinis
729 2397 747 2434 a
771 2381 933 2451 longinqua
959 2381 1144 2438 venientibus
1172 2381 1209 2436 ad
1237 2387 1403 2438 sanctorum
1430 2396 1552 2453 corpora
1574 2379 1662 2435 licuit

440 2463 580 2559 gorm?
606 2464 737 2519 introire.
775 2465 966 2521 Postmodum
991 2484 1062 2522 vero
1087 2472 1203 2522 tanturn
1228 2467 1394 2539 peregrinis
1419 2473 1449 2521 et
1471 2465 1596 2530 civibus,
1621 2463 1660 2518 de

440 2566 576 2618 deum
607 2549 742 2604 mandato
760 2549 927 2604 officialium
945 2549 1056 2605 domini
1073 2551 1155 2622 regis
1178 2551 1274 2622 patuit
1297 2550 1461 2623 ingressus,
1479 2549 1564 2605 nobis
1587 2566 1661 2605 vero

607 2640 637 2689 et
659 2633 768 2689 nostris
793 2651 847 2706 pro
882 2652 971 2690 causa
1000 2642 1103 2690 nostra
1128 2636 1191 2690 sive
1216 2653 1252 2689 ex
1278 2652 1451 2706 quacunque
1484 2633 1660 2690 necessitate

606 2718 685 2772 exire
703 2718 878 2784 volentibus,
899 2735 993 2790 usque
1011 2719 1106 2775 adhuc
1123 2719 1240 2775 omnino
1262 2724 1389 2791 negetur
1413 2736 1561 2790 egressus.
1600 2716 1661 2773 Sed

607 2808 637 2856 et
653 2807 756 2874 portus
774 2803 854 2858 circa
870 2804 961 2858 maris
979 2810 1010 2858 et
1027 2804 1122 2859 exitus
1133 2804 1250 2859 viarum
1267 2804 1494 2875 circumquaque
1507 2800 1661 2858 constituti

607 2893 675 2943 sunt
692 2887 776 2942 nobis
795 2886 915 2958 quidam
932 2887 963 2942 in
980 2887 1106 2953 insidiis,
1126 2905 1163 2943 ne
1187 2887 1302 2944 scilicet
1324 2887 1362 2943 ad
1386 2887 1569 2943 sanctitatem
1592 2903 1660 2942 res·

606 2978 683 3026 tram
701 2978 801 3027 nostra
824 2969 928 3027 debeat
945 2972 1100 3043 pervenire
1124 2972 1253 3037 miseria,
1279 2976 1330 3027 aut
1346 2989 1365 3026 a
1381 2970 1537 3027 clementia
1559 2978 1661 3026 vestra

440 3056 550 3100 merua
605 3055 689 3111 nobis
716 3055 815 3127 aliqua
840 3055 934 3128 possit
960 3055 1102 3112 destinari
1128 3055 1339 3119 misericordia.
1377 3056 1525 3112 dearum
1547 3071 1603 3110 nec
1628 3054 1661 3110 in

457 3108 654 3203 miriirioenhis
672 3139 806 3195 omnibus
830 3139 941 3195 domini
964 3147 994 3196 et
1016 3140 1108 3212 patris
1133 3141 1226 3197 nostri
1251 3159 1328 3214 soepe
1352 3140 1423 3197 dicti
1447 3139 1660 3211 archiepiscopi

439 3210 594 3305 ffiffiss)
608 3225 699 3278 semel
718 3223 873 3279 adversum
891 3240 944 3279 nos
963 3230 1103 3296 concepta
1120 3226 1233 3296 quievit
1250 3224 1423 3297 indignatio.
1463 3223 1522 3279 Sed
1542 3228 1572 3278 et
1590 3241 1661 3293 sup·

440 3312 566 3354 communt-
608 3308 736 3379 priorem
759 3314 902 3374 nostrum,
927 3309 1078 3364 occasione
1102 3309 1301 3379 suspensionis
1327 3307 1468 3373 ecclesias,
1487 3325 1541 3379 per
1557 3324 1661 3361 omnes

439 3361 513 3405 M
607 3392 735 3447 civitatis
753 3392 905 3463 parochias
918 3393 1173 3457 excommunicari,
1194 3399 1224 3448 et
1242 3392 1523 3447 excommunicatum
1540 3390 1660 3463 publice

608 3475 678 3531 fecit
696 3475 882 3542 denunciari;
901 3493 955 3533 noc
967 3477 1064 3531 solum
1082 3494 1149 3531 eum
1168 3475 1220 3531 scd
1238 3482 1268 3530 et
1285 3493 1385 3532 omnes
1404 3475 1435 3530 in
1452 3493 1541 3530 causa
1558 3481 1661 3530 noema

607 3561 830 3624 consentientes,
850 3566 989 3630 tanquam
1006 3577 1064 3614 non
1086 3561 1170 3615 nobis
1196 3561 1330 3615 omnibus
1349 3578 1399 3615 cor
1416 3577 1507 3615 unum
1526 3565 1606 3615 esset
1628 3567 1661 3615 et

608 3646 706 3699 anima
723 3664 789 3699 una.
827 3644 875 3698 Ad
892 3645 981 3715 pedes
1002 3645 1096 3715 igitur
1120 3644 1281 3715 majestatis
1300 3652 1415 3709 vestrae,
1435 3651 1519 3716 pater
1537 3645 1658 3699 sanctis·

609 3729 692 3792 sime,
719 3746 818 3783 omnes
846 3735 876 3782 ct
903 3728 1012 3797 singuli
1039 3729 1195 3799 provoluti,
1225 3729 1254 3783 in
1285 3729 1391 3801 spiritu
1420 3727 1597 3783 humilitatis
1628 3734 1660 3785 et

440 3812 555 3907 {kapp}
610 3814 706 3866 animo
724 3812 847 3866 contrito
865 3812 1055 3882 postulamus,
1075 3819 1109 3867 ut
1128 3813 1367 3867 Cantuariensem
1385 3814 1547 3878 ecclesiam,
1572 3815 1659 3885 cujus

471 3916 518 3967 pe‘s
528 3916 567 3958 aid
609 3896 671 3950 vita
694 3902 723 3950 ct
745 3894 907 3966 redemptio
931 3902 976 3949 est
1004 3896 1034 3949 in
1061 3897 1195 3951 manibus
1220 3898 1337 3962 vestris,
1366 3904 1522 3968 antequam
1540 3899 1659 3970 penitus

440 3927 564 4059 RQ&
609 3981 730 4050 expiret,
751 3979 834 4034 oculo
858 3979 1067 4034 misericordias
1091 3981 1266 4051 respiciatis,
1286 4000 1323 4036 ne
1348 3982 1377 4035 in
1405 3981 1508 4036 diebus
1535 3983 1654 4049 vestris,

442 4067 596 4121 cmurbury.
608 4083 681 4136 quos
701 4064 781 4118 Deus
800 4070 915 4135 augeat,
938 4064 1063 4119 ccclesia
1080 4071 1141 4119 tam
1159 4064 1282 4120 celebris
1301 4071 1433 4120 cessante
1451 4066 1593 4136 religione
1612 4085 1658 4121 re·

607 4149 726 4218 digatur
745 4149 775 4201 in
799 4148 995 4213 solitudinem,
1022 4157 1052 4203 et
1071 4155 1262 4203 sacrosanctae
1286 4149 1425 4203 Romanas
1444 4150 1574 4205 ecclcsiae
1594 4169 1659 4222 spe-

607 4234 690 4287 cialis
709 4233 779 4299 filia,
799 4250 887 4303 quam
905 4233 969 4303 ipsa
986 4232 1128 4304 plantavit
1154 4252 1171 4287 a
1187 4233 1340 4304 principio,
1364 4233 1528 4288 eradicetur
1551 4235 1587 4288 ab
1606 4237 1658 4290 ho-

607 4318 744 4372 minibus.
781 4315 928 4389 Quicquid
952 4324 1050 4371 tamon
1076 4316 1111 4371 de
1135 4317 1219 4371 nobis
1248 4317 1407 4388 contingat,
1428 4334 1552 4388 quorum
1576 4337 1656 4375 mors

606 4408 637 4456 et
654 4400 758 4472 ejectio
780 4401 843 4472 jam
867 4402 897 4455 in
922 4401 1020 4472 januis
1041 4407 1096 4465 est,
1116 4401 1244 4473 priorem
1263 4407 1293 4456 et
1310 4402 1416 4456 fratres
1435 4410 1561 4467 nostros,
1587 4422 1657 4458 cum

606 4504 694 4541 causa
705 4486 816 4541 Christi
835 4494 865 4540 et
883 4486 1013 4541 ecolesiae
1033 4504 1121 4556 quam
1133 4487 1273 4541 hactenus
1285 4486 1516 4542 misericorditer
1529 4488 1655 4552 fovistis,

466 4573 566 4619 retur.
605 4571 637 4623 in
661 4588 763 4625 manus
788 4570 950 4624 clementiae
977 4576 1084 4625 vestrm
1110 4570 1356 4635 commendamus,
1383 4578 1499 4626 orantes
1518 4576 1548 4627 et
1574 4569 1657 4627 obse-

551 4673 557 4684 ·
605 4664 728 4719 orentes,
748 4661 782 4710 ut
799 4661 918 4726 propter
935 4655 1070 4710 miserias
1083 4654 1203 4726 inopum
1221 4661 1252 4709 et
1269 4656 1414 4728 gemitum
1431 4656 1606 4728 exsurgatis,
1628 4665 1659 4713 ct

606 4741 794 4812 respicientes
813 4740 850 4794 ab
868 4740 979 4794 oriente
997 4739 1028 4793 in
1046 4736 1235 4805 occidentem,
1250 4739 1379 4794 miseriis
1397 4746 1428 4795 et
1440 4740 1657 4799 calamitatibus

1020 4983 1027 5013 ¹
1041 4984 1103 5048 pro]
1122 4997 1174 5047 per,
1186 4983 1242 5035 MS.
