4192 6392
608 1166 675 1230 202
889 1180 1063 1233 EPIS'I'OLAE
1086 1175 1381 1243 osuwsamsss,

457 1357 580 1454 bffllrsst
608 1352 773 1410 Londcniae
799 1355 949 1426 prolectas
975 1361 1030 1422 est,
1051 1354 1089 1412 ad
1115 1372 1227 1427 regem,
1246 1358 1281 1411 ut
1305 1371 1374 1410 eum
1401 1367 1489 1424 super
1514 1351 1571 1408 hoc
1597 1368 1669 1407 eon·

461 1460 528 1512 april
536 1465 568 1505 ῃ,
607 1438 727 1494 suleret.
764 1438 949 1496 Extorsimus
972 1444 1073 1496 tamen
1095 1439 1215 1497 interim
1239 1440 1276 1494 ab
1294 1455 1329 1495 eo
1346 1438 1462 1494 litteras
1480 1435 1518 1493 ad
1534 1435 1669 1509 priorem

437 1527 587 1573 nuaram
606 1521 643 1577 de
660 1522 841 1580 Faversham
859 1523 896 1579 de
907 1524 1115 1581 ratihabitione
1128 1524 1160 1581 in
1171 1523 1342 1581 executione
1354 1520 1494 1578 mandati.
1526 1519 1669 1579 Misimus

435 1582 587 1675 {gmssfflt
605 1606 695 1662 etiam
720 1626 789 1665 cum
813 1608 957 1680 magistro
982 1609 1192 1677 Farremanno,
1211 1615 1246 1666 ut
1271 1625 1446 1680 responsum
1470 1605 1553 1678 regis
1578 1605 1667 1662 nobis

435 1682 561 1775 fflffiffll
604 1692 693 1748 citius
711 1698 742 1749 et
759 1694 902 1751 secretius
925 1694 1118 1767 significaret,
1138 1694 1218 1766 quod
1234 1699 1266 1750 et
1289 1693 1473 1750 factumest.
1511 1691 1576 1748 Rex
1593 1707 1669 1750 vero

436 1765 549 1844 snore'
579 1777 749 1849 emagistro
772 1777 971 1836 Fan-emanue
995 1779 1157 1852 respondit,
1182 1777 1261 1850 quod
1285 1777 1453 1835 nullatenus
1480 1774 1665 1848 procederet,

435 1833 592 1931 ἓξὲξ
604 1862 683 1918 sicut
698 1863 732 1918 in
748 1869 829 1920 terra
845 1882 900 1922 sua
921 1864 1015 1921 vellet
1036 1880 1199 1922 remanere.
1236 1861 1365 1935 Scripsit
1387 1861 1477 1919 etiam
1494 1879 1548 1918 rex
1564 1859 1668 1916 abbati

436 1934 524 1981 cetea
605 1947 642 2002 de
658 1947 840 2005 Farersham
857 1956 888 2006 et
905 1949 998 2021 priori
1021 1967 1110 2021 super
1135 1947 1193 2005 hoc
1216 1947 1453 2004 comminatorias
1476 1952 1508 2002 et
1530 1944 1667 2002 dehorte-

436 2033 487 2126 1³32
487 2032 533 2128 ,²¹3ss
604 2031 696 2088 terias
713 2031 838 2089 litteras.
877 2033 937 2090 Sed
954 2033 1257 2107 priorlitterasregis
1275 2032 1465 2106 praevenitis
1482 2030 1665 2097 maturitate,

470 2136 575 2179 veniam
605 2121 636 2172 et
660 2117 798 2174 clamavit
822 2118 854 2173 in
879 2118 1004 2190 pulpito,
1030 2118 1162 2185 sabbato,
1191 2118 1303 2175 octavis
1326 2116 1460 2183 Pasehae,
1485 2116 1667 2173 denuncians

435 2187 593 2283 ffifflffifl
605 2218 706 2258 omnes
721 2203 987 2259 excommunicates
999 2221 1018 2258 a
1029 2201 1148 2258 domino
1165 2218 1251 2274 papa,
1265 2201 1316 2273 qui
1332 2218 1452 2257 murum
1467 2201 1625 2272 fregerunt
1635 2203 1669 2256 et

436 2286 546 2334 theam
605 2286 733 2342 officinas
751 2294 877 2353 nostras,
897 2291 927 2342 et
944 2287 996 2358 qui
1007 2287 1150 2344 victualia
1160 2292 1263 2343 nostra
1274 2289 1507 2359 asportaverunt,
1520 2291 1666 2341 etomnes

604 2368 672 2426 illos
703 2371 755 2442 qni
779 2371 902 2438 cumam,
929 2370 1025 2438 villas,
1053 2370 1187 2427 redditus
1215 2375 1246 2426 et
1271 2371 1472 2444 possessiones
1499 2370 1668 2427 detinerent

605 2461 770 2527 occupatas,
795 2460 835 2529 et
852 2473 952 2513 omnes
982 2473 1084 2512 eorum
1115 2455 1274 2527 complices
1304 2460 1335 2511 ct
1364 2455 1408 2511 eis
1438 2454 1685 2526 consenseras„

603 2539 668 2596 Nos
686 2558 757 2596 vero
774 2541 988 2612 subsequentes
1012 2539 1156 2611 quosdam
1179 2556 1282 2595 eorum
1305 2539 1531 2607 nominavimus,
1552 2539 1668 2596 scilicet

604 2625 785 2698 principatus
804 2632 834 2682 et
851 2630 1008 2698 potestates
1034 2625 1132 2698 operis
1150 2623 1285 2697 [nefandi.
1323 2625 1405 2681 Illud
1431 2630 1531 2682 autem
1549 2626 1665 2693 scitota,

606 2710 684 2781 quod
701 2711 832 2768 omnium
850 2710 1087 2767 adversariorum
1104 2717 1273 2767 nostrorum
1290 2709 1479 2767 immaniores
1500 2716 1531 2766 et
1547 2709 1666 2783 pejores

604 2801 675 2852 sunt
691 2797 804 2869 proprii
822 2796 902 2852 servi
919 2795 1022 2852 nostri.
1066 2795 1198 2866 Quorum
1223 2795 1348 2867 signifer
1374 2800 1421 2852 est
1447 2795 1543 2868 pistor
1570 2794 1667 2852 Goda-

603 2880 709 2947 fridus,
735 2882 783 2937 vir
806 2881 913 2948 Belial,
940 2886 971 2937 et
997 2880 1147 2938 Jolrannes
1172 2899 1295 2953 coquus,
1324 2887 1354 2937 et
1380 2881 1550 2940 willelmus
1568 2879 1666 2953 vigil,

604 2964 772 3022 Gilebertus
791 2966 928 3032 clericus,
942 2964 1005 3021 Jun
1021 2964 1059 3020 de
1076 2964 1215 3032 Bertona,
1229 2965 1356 3023 Thomas
1374 2964 1460 3032 Grec,
1477 2983 1552 3037 pene
1563 2971 1666 3022 omnes

602 3051 655 3106 alii
673 3051 726 3122 qui
743 3056 846 3107 contra
868 3069 922 3107 nos
946 3050 1149 3122 juramentum
1174 3051 1317 3107 fecerunt.
1367 3049 1410 3106 Hi
1435 3067 1508 3108 vero
1536 3067 1666 3122 quorum

602 3135 720 3191 nomina
737 3134 934 3208 expressimus
951 3153 1011 3192 non
1034 3134 1131 3191 solum
1156 3134 1235 3190 mala
1259 3134 1297 3190 de
1322 3134 1407 3191 nobis
1425 3134 1588 3206 loquuntur
1612 3133 1666 3191 sed

604 3219 725 3277 faciunt.
764 3220 825 3277 aad
855 3219 998 3293 quicquid
1023 3219 1055 3276 in
1079 3219 1167 3275 rebus
1193 3219 1243 3278 vel
1268 3219 1434 3278 redditibus
1460 3218 1665 3279 absconditum

603 3305 755 3372 habemus,
774 3304 904 3363 inimicis
922 3304 1032 3363 nostris
1051 3312 1207 3377 exponunt.
1244 3303 1360 3364 Valete.

461 3570 566 3667 fflrdrv
624 3560 741 3617 CCXX.
778 3560 953 3617 Bnanurno
970 3573 1191 3616 incummscoro
1210 3559 1380 3617 Centaurus
1399 3560 1640 3618 clarummane.

452 3673 579 3774 'ffflffi‘ffly
640 3690 808 3747 Adventum
826 3701 967 3759 vestrum,
988 3702 1072 3766 pater
1084 3694 1253 3761 reverende,
1269 3694 1451 3767 speravimus
1476 3702 1506 3751 et
1531 3703 1662 3767 expecta·

436 3786 591 3846 Theeemcnt
604 3775 711 3841 vimus,
731 3784 761 3831 et
785 3777 862 3848 quod
883 3798 901 3832 a
923 3781 1044 3834 remotis
1066 3780 1209 3851 partibus,
1232 3780 1388 3851 inquibus
1407 3797 1519 3836 moram
1538 3781 1660 3845 fecistis,

435 3837 592 3931 {ffiffim
604 3862 731 3917 vicinius
759 3863 939 3929 acceleretis,
962 3870 996 3919 ut
1022 3865 1060 3919 ad
1083 3883 1135 3920 sos
1163 3871 1194 3920 et
1219 3865 1346 3919 liberum
1373 3884 1526 3936 possemus
1555 3865 1663 3919 habere

435 3938 574 4032 Rifflgffl
605 3964 765 4012 accessum,
786 3953 816 4001 et
836 3966 871 4002 ea
895 3966 912 4002 a
935 3948 1018 4003 vobis
1044 3949 1185 4020 recipere,
1215 3966 1281 4018 qum
1308 3954 1439 4004 vestrum
1467 3954 1601 4021 spectant
1626 3947 1663 4003 ad

436 4023 571 4084 eenttetlie
606 4030 742 4086 officium.
791 4031 850 4086 Sed
876 4051 943 4087 cum
969 4033 999 4086 in
1027 4034 1165 4089 extremis
1193 4032 1300 4088 finibus
1329 4031 1444 4088 Walliae
1471 4050 1523 4089 vos
1551 4050 1662 4088 moram

436 4091 564 4185 lfflfist‘ssg,
605 4118 701 4171 faeere
732 4116 834 4171 crebro
863 4117 1090 4173 commeantium
1121 4117 1217 4172 relatu
1247 4117 1427 4184 audiremus,
1458 4117 1596 4172 misimus
1627 4115 1663 4172 ad

436 4193 535 4286 {mg
548 4245 592 4288 aut
605 4200 755 4256 deminum
773 4201 941 4269 Roseusem,
961 4208 995 4257 ut
1019 4220 1101 4257 more
1127 4202 1163 4257 ab
1183 4220 1217 4257 eo
1235 4201 1300 4258 vice
1319 4208 1419 4259 vestra
1436 4201 1575 4268 chrisma,
1595 4201 1662 4257 aliia

436 4278 567 4356 heremias
604 4304 656 4355 per
685 4287 866 4357 provinciam
892 4287 1084 4344 dividendum
1114 4287 1256 4352 ecclesiia
1288 4287 1498 4359 reciperemus.
1544 4286 1602 4358 Qui
1631 4303 1662 4342 se

436 4347 546 4439 Qfflt
605 4388 694 4442 super
712 4371 767 4425 hoc
785 4378 919 4427 vestrum
944 4391 1001 4426 non
1026 4370 1166 4426 habuisse
1190 4371 1360 4425 mandatum
1377 4370 1540 4442 respondit,
1560 4388 1614 4424 nec
1633 4368 1663 4424 id

436 4448 556 4542 ffimhffil
604 4456 687 4511 nobis
706 4457 890 4528 aliquatenus
916 4458 1026 4527 absque
1050 4456 1142 4512 vestri
1168 4455 1341 4511 auctoritate
1367 4456 1495 4511 mandati
1521 4474 1553 4511 se
1578 4454 1662 4510 nobis

435 4549 586 4604 manahem
604 4542 782 4598 traditurum
800 4544 936 4599 asseruit.
974 4542 1058 4598 Unde
1075 4541 1244 4613 paternitati
1262 4548 1368 4597 vestre
1384 4560 1484 4597 omnes
1504 4547 1534 4598 et
1552 4539 1662 4612 singuli

436 4599 579 4705 ffilsserssffi
605 4627 803 4698 supplicamus
822 4630 972 4693 attentius,
993 4632 1136 4698 quatenus
1161 4626 1256 4681 eidem
1281 4626 1418 4698 episeopo
1439 4626 1515 4681 detis
1533 4626 1565 4680 in
1583 4644 1663 4680 man·

436 4703 461 4744 ¹⁰
470 4664 510 4746 ‘iffi
518 4715 583 4757 1³⁰1’0·
604 4711 690 4775 datis,
710 4718 744 4767 ut
761 4713 844 4767 nobis
864 4713 994 4768 chrisma
1011 4712 1078 4766 aliis
1104 4711 1341 4793 distribuendum
1359 4711 1493 4766 ecclesiis
1512 4712 1660 4776 conferat3

603 4813 641 4851 ne
660 4802 753 4852 status
772 4798 914 4863 ecclesia,
929 4803 1017 4868 prout
1029 4795 1164 4852 dominus
1177 4815 1253 4868 papa
1263 4796 1400 4868 praecipit
1411 4796 1504 4860 vobis,
1519 4796 1551 4851 in
1564 4796 1662 4869 aliquo

604 4883 784 4938 immutetur.
822 4882 863 4937 Et
880 4882 950 4952 quia
967 4880 998 4935 in
1022 4881 1124 4936 multis
1148 4887 1249 4937 eontra
1263 4881 1341 4951 juris
1360 4881 1485 4936 formam
1504 4886 1535 4936 et
1552 4879 1661 4935 domini

603 4986 686 5038 papas
704 4975 882 5042 praeceptum
901 4971 967 5038 post
985 4965 1210 5036 appellationem
1223 4973 1317 5022 status
1337 4967 1469 5021 ecclesiae
1488 4966 1660 5021 immutatus

604 5059 658 5117 est,
677 5052 819 5110 noveritis
836 5070 889 5107 nos
908 5069 997 5123 super
1020 5051 1076 5105 hoc
1096 5051 1263 5123 specialiter
1283 5051 1457 5123 appellasse,
1478 5069 1514 5105 ne
1533 5051 1661 5106 chrisma

604 5134 718 5193 scilieet
734 5142 835 5194 ecntm
857 5153 970 5194 morem
993 5135 1135 5201 ecelesiae,
1156 5135 1223 5192 aliis
1252 5152 1340 5208 quam
1366 5136 1450 5192 nobis
1469 5134 1660 5192 dividendum
