4192 6392
634 1168 675 1230 28
916 1181 1089 1230 urrsroaa
1111 1182 1403 1248 cmrusmmsss,

479 1358 601 1405 All-11⁸⁷·
632 1374 750 1411 manum
776 1375 859 1412 suam
884 1363 1064 1429 aggravaret
1089 1374 1256 1428 supervos,
1276 1363 1306 1411 et
1331 1357 1417 1412 aliter
1444 1375 1533 1430 quam
1560 1358 1687 1426 deceret,

462 1421 598 1517 {¹2¹¹}ssth
631 1440 679 1496 vel
705 1441 834 1507 deberet,
854 1441 1012 1498 adversum
1029 1459 1082 1498 vos
1101 1447 1220 1512 ageret3
1246 1458 1315 1497 cum
1332 1442 1407 1497 bene
1431 1459 1576 1500 memores
1594 1444 1689 1501 simus

461 1521 607 1575 mhbahop.
632 1523 704 1594 qnid
734 1524 770 1579 de
802 1543 836 1580 eo
865 1525 896 1579 in
932 1526 1062 1597 capitulo
1090 1531 1189 1581 vestro
1219 1525 1302 1581 vobis
1332 1525 1563 1596 promiserimus.
1599 1527 1689 1584 Nunc

631 1616 729 1665 autem
747 1612 889 1667 noveritis
917 1613 1014 1683 ipsum
1033 1612 1285 1684 archiepiscopum
1302 1618 1460 1668 venturum
1486 1613 1518 1669 in
1544 1614 1686 1685 proximo,

495 1699 585 1745 romu.
631 1700 746 1750 etcum
764 1697 949 1766 praesentiam
967 1697 1031 1768 ejus
1050 1697 1248 1760 habuerimus,
1268 1696 1436 1752 amabimus
1455 1704 1590 1770 satagere
1608 1698 1687 1770 quod

462 1797 554 1841 uum
630 1778 668 1834 ad
685 1797 787 1850 pacem
806 1788 836 1836 et
852 1782 993 1836 honorem
1011 1781 1144 1837 ecclesia
1161 1790 1269 1836 vestra
1295 1786 1326 1836 et
1351 1782 1508 1853 utriusque
1526 1782 1619 1854 partis
1635 1800 1686 1838 res

461 1849 598 2001 :itt
934 1863 1686 2005 m

629 2033 823 2088 reverentiam
842 2033 952 2087 curetis
971 2033 998 2086 ei
1017 2032 1164 2096 exhibere,
1180 2032 1258 2086 sicut
1269 2031 1347 2102 patri
1359 2037 1458 2087 vestro
1474 2032 1630 2103 spirituali,
1642 2033 1686 2089 ita

628 2115 708 2183 quod
724 2115 827 2171 honori
840 2115 896 2170 Dei
915 2121 945 2171 et
963 2115 1095 2171 ecclesia
1113 2121 1144 2170 et
1160 2115 1255 2186 ipsius
1274 2120 1304 2170 et
1321 2120 1420 2171 vestro
1438 2117 1566 2172 actiones
1577 2121 1685 2173 vestra

627 2218 765 2272 congrua
783 2200 980 2256 dinoscantur.
1017 2200 1105 2255 Teste
1123 2199 1259 2254 Huberto
1283 2198 1392 2255 decano
1411 2199 1588 2256 Eboraceusi
1606 2200 1685 2272 apud

628 2283 806 2341 Celdesord.¹

673 2438 806 2494 XXXII.
844 2439 1036 2494 ansmaus
1054 2428 1293 2494 sucumnscorbs
1311 2437 1461 2494 Gaurano
1479 2452 1627 2493 scrrmoar

768 2518 774 2532 '
1037 2521 1265 2578 Cmrusamusr.

661 2628 857 2694 Baldewinus,
878 2628 934 2683 Dei
953 2629 1058 2700 gratia,
1081 2628 1300 2685 cantuariensis
1326 2629 1572 2701 archiepiscopus,
1592 2629 1683 2685 totius

625 2714 742 2786 Angliae
768 2714 879 2784 primas
906 2720 936 2769 et
961 2714 1128 2785 apostolicas
1155 2713 1233 2769 sedis
1251 2713 1379 2783 legatus,
1399 2713 1507 2769 dilecto
1526 2712 1587 2767 illio
1605 2712 1684 2769 Gau-

626 2797 702 2853 frido
721 2797 867 2868 subpriori
886 2798 1019 2853 ecclesiae
1038 2798 1151 2852 Christi
1165 2796 1341 2861 Cantuariae,
1357 2797 1483 2852 salutem
1501 2801 1532 2852 et
1549 2796 1684 2853 benedic·

625 2882 743 2938 tionem.

457 2973 578 3018 Theneb-
660 2964 834 3020 Mandemus
871 2964 924 3020 tibi
956 2971 1044 3035 atque
1074 2963 1271 3035 praecipimus,
1304 2969 1446 3035 qnatenus
1483 2962 1610 3020 Radulfo
1646 2964 1683 3020 de

455 3024 597 3119 ffiffi’ss}
626 3048 770 3121 Orpintun
798 3055 828 3103 et
847 3047 973 3102 Johanni
999 3047 1035 3101 de
1054 3047 1206 3118 Bochinge
1235 3048 1408 3103 auctoritato
1435 3052 1534 3102 nostra
1558 3046 1685 3104 firmiter

455 3124 587 3169 ²¹¹⁰¹¹²⁰¹¹¹¹
625 3132 766 3197 inhibeas,
787 3150 823 3186 ne
850 3151 867 3186 a
893 3131 1020 3186 claustro
1046 3129 1231 3201 aliquatenus
1260 3136 1371 3195 exeant,
1397 3146 1450 3185 nec
1477 3130 1606 3202 aliquam
1625 3131 1682 3187 sibi

455 3175 600 3271 &mgna
625 3216 906 3272 administrationem
944 3216 973 3269 in
1010 3214 1136 3270 ecclesia
1171 3220 1271 3270 nostra
1307 3231 1457 3270 assumere
1492 3223 1681 3285 praesumant.

455 3277 606 3371 ”mff
624 3300 738 3356 Valete.

472 3469 593 3516 Annua
730 3455 880 3510 XXXIII.
926 3455 1048 3509 Unamo
1067 3469 1146 3508 rura
1166 3453 1335 3508 Conversus
1355 3452 1595 3507 Caurummrsrs.

501 3521 572 3572 April.
659 3555 830 3610 Reverendo
860 3555 936 3625 patri
968 3561 998 3609 et
1028 3554 1145 3608 domino
1174 3553 1303 3617 Urbano,
1336 3552 1392 3607 Dei
1429 3551 1535 3624 gratia,
1568 3570 1683 3608 summo

623 3639 761 3709 pontifici,
788 3639 909 3693 humilis
946 3644 1104 3692 conventus
1137 3637 1267 3691 ecclesia
1306 3636 1417 3691 Christi
1449 3635 1680 3701 Cautum-ionem,

623 3723 748 3777 salutem
767 3727 797 3776 et
814 3721 953 3776 devotum
970 3722 1077 3776 debita*
1096 3720 1285 3792 subjectionis
1305 3720 1487 3774 famulatum.

453 3827 609 3872 'rhemnon
659 3805 776 3860 Gratias
804 3805 920 3875 agimus
946 3806 1094 3860 sanctitati
1119 3809 1236 3867 vestras,
1258 3803 1309 3874 qui
1337 3803 1466 3875 priorem
1493 3808 1625 3859 nostrum
1652 3816 1683 3860 et

453 3878 588 3972 ‘¹¹¹”kforlh0
621 3907 674 3944 nos
694 3889 807 3959 inipso
827 3889 1008 3959 suscepistis,
1029 3888 1078 3959 qui
1107 3888 1331 3943 necessitatibus
1359 3886 1468 3942 nostris
1496 3903 1596 3941 aurem
1620 3894 1681 3942 tam

453 3940 596 4023 hahitum-
621 3973 773 4027 humiliter
799 3973 972 4036 inclinastis,
1006 3973 1056 4043 qui
1088 3990 1155 4026 cum
1180 3989 1280 4025 rerum
1310 3975 1458 4025 momenta
1488 3987 1544 4024 non
1575 3971 1678 4037 simus,

451 4031 577 4132 ffisstffl‘
621 4062 719 4110 temen
750 4057 826 4111 inter
853 4073 1006 4126 pressuras
1038 4062 1068 4109 et
1099 4054 1308 4109 amaritudines
1339 4059 1453 4108 nostras
1490 4072 1543 4124 pro
1574 4072 1681 4126 sponsa

451 4130 587 4224 ffiffifhss
622 4137 732 4195 Christi
764 4141 973 4204 amarissimas,
1007 4139 1097 4193 etiam
1133 4157 1185 4193 nos
1211 4138 1343 4209 apicibus
1379 4137 1487 4192 vestris
1524 4136 1678 4194 visitastis.

621 4223 768 4279 Caeterum
795 4242 862 4278 cum
889 4224 993 4278 harum
1019 4224 1136 4294 bajulus
1164 4241 1181 4277 a
1207 4221 1292 4276 nobis
1317 4222 1417 4286 exiret,
1439 4221 1545 4292 etjam
1563 4229 1680 4294 tempus

620 4308 721 4365 decem
740 4308 854 4362 dicrum
873 4306 1030 4370 indultum,
1051 4307 1128 4361 inira
1156 4305 1234 4377 quod
1259 4305 1394 4361 dominus
1420 4311 1519 4360 noster
1547 4311 1577 4360 et
1594 4313 1680 4378 pater

620 4412 684 4463 quic
710 4398 777 4464 post
803 4392 1027 4464 appellationem
1054 4393 1092 4447 ad
1109 4409 1161 4446 vos
1180 4391 1392 4461 interpositam,
1416 4391 1447 4443 in
1472 4389 1678 4460 praejudicium

615 4477 693 4547 juris
711 4477 805 4531 nostri
827 4477 904 4531 lacta
923 4477 1048 4538 fuerant,
1070 4475 1105 4528 de
1124 4474 1260 4529 mandato
1284 4480 1383 4529 vestro
1402 4473 1564 4529 correxisse
1589 4474 1679 4529 debu·

450 4574 572 4635 rhama.
620 4566 692 4625 erat,
721 4561 853 4631 elapsum
878 4565 965 4623 esset,
995 4558 1070 4612 nihil
1097 4558 1270 4613 reformavit
1298 4575 1333 4611 ox
1363 4558 1507 4613 omnibus.
1545 4558 1677 4613 Abbates

449 4625 515 4668 ΜΟ
538 4627 581 4670 ¹¹²⁸
619 4662 688 4700 vero
708 4645 814 4713 quibus
842 4644 979 4698 mandata
997 4651 1052 4708 ost,
1074 4644 1099 4697 si
1127 4643 1190 4714 ipso
1212 4660 1268 4697 non
1288 4643 1407 4706 faceret,
1428 4641 1569 4706 executio,
1593 4642 1679 4712 juxta

448 4678 513 4718 uoto
541 4678 594 4730 yed,

448 4726 597 4822 ffiffm
619 4729 742 4783 formam
768 4727 898 4782 mandati
916 4727 1006 4781 vestri
1027 4727 1200 4781 sententiam
1227 4727 1257 4779 in
1283 4726 1411 4795 priorem
1431 4733 1461 4781 ct
1486 4726 1593 4781 fratres
1611 4734 1679 4796 post

447 4827 606 4872 accumulas
619 4812 843 4884 appellationem
874 4813 980 4865 factam
1011 4810 1240 4881 promulgatam,
1272 4810 1389 4880 publico
1425 4809 1665 4866 denunciavernn

447 4876 590 4980 fflffi„
617 4915 675 4952 non
699 4904 808 4962 tenero,
836 4895 894 4949 alia
921 4895 951 4948 in
976 4894 1084 4948 litteris
1110 4895 1218 4949 vestris
1246 4899 1381 4949 contenta
1407 4892 1445 4948 ad
1470 4894 1676 4950 discretionem

1084 5022 1575 5031 ————-—--—.--.-———-.-—.-.-

652 5085 658 5113 ¹
677 5082 733 5132 The
755 5081 819 5146 Βίης
844 5080 905 5142 kept
928 5076 1069 5129 Christmas
1091 5086 1117 5127 at
1161 5094 1194 5129 on
1208 5075 1582 5145 theltthofl'ebruary]1187.
1611 5078 1676 5131 Ger·

617 5157 1117 5223 Guildfordin1186,andlestEnglend
1160 5171 1229 5216 vase,
1244 5160 1316 5208 1⁴91.
