<?xml version="1.0" encoding="UTF-8"?>
<!DOCTYPE html PUBLIC "-//W3C//DTD XHTML 1.0 Transitional//EN"
    "http://www.w3.org/TR/xhtml1/DTD/xhtml1-transitional.dtd">
<html xmlns="http://www.w3.org/1999/xhtml" xml:lang="en" lang="en">
 <head>
  <title>
</title>
<meta http-equiv="Content-Type" content="text/html;charset=utf-8" />
  <meta name='ocr-system' content='tesseract 3.04.00' />
  <meta name='ocr-capabilities' content='ocr_page ocr_carea ocr_par ocr_line ocrx_word'/>
</head>
<body>
  <div class='ocr_page' id='page_1' title='image "./epistolaecantua00stubgoog_0308.png"; bbox 0 0 4192 6392; ppageno 0'>
   <div class='ocr_carea' id='block_1_1' title="bbox 607 1175 1374 1243">
    <p class='ocr_par' dir='ltr' id='par_1_1' title="bbox 607 1175 1374 1243">
     <span class='ocr_line' id='line_1_1' title="bbox 607 1175 1374 1243; baseline -0.005 -7"><span class='ocrx_word' id='word_1_1' title='bbox 607 1175 671 1236; x_wconf 76' lang='lat'><strong>106</strong></span> <span class='ocrx_word' id='word_1_2' title='bbox 890 1184 1063 1236; x_wconf 65' lang='lat' dir='ltr'><strong>anatona</strong></span> <span class='ocrx_word' id='word_1_3' title='bbox 1086 1181 1374 1243; x_wconf 74' lang='lat' dir='ltr'><strong>canrosamnsns,</strong></span> 
     </span>
    </p>
   </div>
   <div class='ocr_carea' id='block_1_2' title="bbox 452 1355 1656 1430">
    <p class='ocr_par' dir='ltr' id='par_1_2' title="bbox 452 1355 1656 1430">
     <span class='ocr_line' id='line_1_2' title="bbox 452 1355 1656 1430; baseline 0 -19"><span class='ocrx_word' id='word_1_4' title='bbox 452 1368 508 1411; x_wconf 71' lang='lat' dir='ltr'><strong>Ab.</strong></span> <span class='ocrx_word' id='word_1_5' title='bbox 517 1369 576 1411; x_wconf 78' lang='lat'><strong>11⁸7.</strong></span> <span class='ocrx_word' id='word_1_6' title='bbox 607 1361 626 1386; x_wconf 86' lang='lat'><strong>“</strong></span> <span class='ocrx_word' id='word_1_7' title='bbox 646 1361 682 1414; x_wconf 86' lang='lat' dir='ltr'><strong>R.</strong></span> <span class='ocrx_word' id='word_1_8' title='bbox 700 1360 737 1415; x_wconf 88' lang='lat' dir='ltr'><strong>de</strong></span> <span class='ocrx_word' id='word_1_9' title='bbox 756 1360 914 1425; x_wconf 85' lang='lat' dir='ltr'><strong>Glanvills,</strong></span> <span class='ocrx_word' id='word_1_10' title='bbox 935 1361 1069 1415; x_wconf 83' lang='lat' dir='ltr'><strong>salutem.</strong></span> <span class='ocrx_word' id='word_1_11' title='bbox 1107 1359 1253 1430; x_wconf 84' lang='lat' dir='ltr'><strong>Praecipio</strong></span> <span class='ocrx_word' id='word_1_12' title='bbox 1279 1358 1334 1414; x_wconf 91' lang='lat' dir='ltr'><strong>tibi</strong></span> <span class='ocrx_word' id='word_1_13' title='bbox 1358 1357 1437 1428; x_wconf 90' lang='lat' dir='ltr'><strong>quod</strong></span> <span class='ocrx_word' id='word_1_14' title='bbox 1460 1357 1560 1412; x_wconf 83' lang='lat' dir='ltr'><strong>statim</strong></span> <span class='ocrx_word' id='word_1_15' title='bbox 1583 1355 1656 1411; x_wconf 89' lang='lat' dir='ltr'><strong>visis</strong></span> 
     </span>
    </p>
   </div>
   <div class='ocr_carea' id='block_1_3' title="bbox 436 1420 1657 1525">
    <p class='ocr_par' dir='ltr' id='par_1_3' title="bbox 436 1420 1657 1525">
     <span class='ocr_line' id='line_1_3' title="bbox 436 1420 1657 1525; baseline -0.01 -21"><span class='ocrx_word' id='word_1_16' title='bbox 436 1420 626 1525; x_wconf 47' lang='lat' dir='ltr'><strong>,ffiffist</strong></span> <span class='ocrx_word' id='word_1_17' title='bbox 645 1445 692 1498; x_wconf 92' lang='lat' dir='ltr'><strong>his</strong></span> <span class='ocrx_word' id='word_1_18' title='bbox 717 1444 834 1509; x_wconf 88' lang='lat' dir='ltr'><strong>litteris,</strong></span> <span class='ocrx_word' id='word_1_19' title='bbox 857 1444 955 1516; x_wconf 87' lang='lat' dir='ltr'><strong>capias</strong></span> <span class='ocrx_word' id='word_1_20' title='bbox 982 1445 1013 1498; x_wconf 89' lang='lat' dir='ltr'><strong>in</strong></span> <span class='ocrx_word' id='word_1_21' title='bbox 1040 1461 1130 1499; x_wconf 88' lang='lat' dir='ltr'><strong>manu</strong></span> <span class='ocrx_word' id='word_1_22' title='bbox 1155 1461 1222 1497; x_wconf 89' lang='lat' dir='ltr'><strong>mea</strong></span> <span class='ocrx_word' id='word_1_23' title='bbox 1239 1442 1394 1498; x_wconf 88' lang='lat' dir='ltr'><strong>ecclesiam</strong></span> <span class='ocrx_word' id='word_1_24' title='bbox 1414 1441 1493 1496; x_wconf 88' lang='lat' dir='ltr'><strong>beati</strong></span> <span class='ocrx_word' id='word_1_25' title='bbox 1515 1440 1657 1512; x_wconf 84' lang='lat' dir='ltr'><strong>Martyris</strong></span> 
     </span>
    </p>
   </div>
   <div class='ocr_carea' id='block_1_4' title="bbox 436 1525 1657 1685">
    <p class='ocr_par' dir='ltr' id='par_1_4' title="bbox 436 1525 1657 1685">
     <span class='ocr_line' id='line_1_4' title="bbox 438 1525 1657 1633; baseline -0.007 -47"><span class='ocrx_word' id='word_1_26' title='bbox 438 1533 580 1633; x_wconf 50' lang='lat' dir='ltr'><strong>ffltdlffi</strong></span> <span class='ocrx_word' id='word_1_27' title='bbox 607 1531 626 1555; x_wconf 87' lang='lat'><strong>“</strong></span> <span class='ocrx_word' id='word_1_28' title='bbox 646 1528 774 1595; x_wconf 68' lang='lat' dir='ltr'><strong>Thomas,</strong></span> <span class='ocrx_word' id='word_1_29' title='bbox 795 1529 1030 1600; x_wconf 84' lang='lat' dir='ltr'><strong>quemdominus</strong></span> <span class='ocrx_word' id='word_1_30' title='bbox 1043 1528 1281 1599; x_wconf 84' lang='lat' dir='ltr'><strong>archiepiscopus</strong></span> <span class='ocrx_word' id='word_1_31' title='bbox 1299 1526 1434 1582; x_wconf 86' lang='lat' dir='ltr'><strong>mandato</strong></span> <span class='ocrx_word' id='word_1_32' title='bbox 1445 1525 1556 1581; x_wconf 89' lang='lat' dir='ltr'><strong>domini</strong></span> <span class='ocrx_word' id='word_1_33' title='bbox 1574 1543 1657 1597; x_wconf 76' lang='lat' dir='ltr'><strong>papa</strong></span> 
     </span>
     <span class='ocr_line' id='line_1_5' title="bbox 436 1609 1657 1685; baseline -0.012 -7"><span class='ocrx_word' id='word_1_34' title='bbox 436 1634 560 1685; x_wconf 71' lang='lat' dir='ltr'><strong>rhekmgn</strong></span> <span class='ocrx_word' id='word_1_35' title='bbox 607 1613 626 1638; x_wconf 78' lang='lat'><strong>‘⁶</strong></span> <span class='ocrx_word' id='word_1_36' title='bbox 647 1618 677 1668; x_wconf 85' lang='lat' dir='ltr'><strong>et</strong></span> <span class='ocrx_word' id='word_1_37' title='bbox 700 1619 799 1668; x_wconf 91' lang='lat' dir='ltr'><strong>nostro</strong></span> <span class='ocrx_word' id='word_1_38' title='bbox 817 1631 938 1668; x_wconf 86' lang='lat' dir='ltr'><strong>assensu</strong></span> <span class='ocrx_word' id='word_1_39' title='bbox 956 1613 1047 1685; x_wconf 85' lang='lat' dir='ltr'><strong>eoepit</strong></span> <span class='ocrx_word' id='word_1_40' title='bbox 1071 1612 1226 1677; x_wconf 85' lang='lat' dir='ltr'><strong>aedificare,</strong></span> <span class='ocrx_word' id='word_1_41' title='bbox 1253 1616 1284 1667; x_wconf 91' lang='lat' dir='ltr'><strong>et</strong></span> <span class='ocrx_word' id='word_1_42' title='bbox 1309 1611 1407 1665; x_wconf 87' lang='lat' dir='ltr'><strong>locum</strong></span> <span class='ocrx_word' id='word_1_43' title='bbox 1433 1609 1531 1681; x_wconf 91' lang='lat' dir='ltr'><strong>ipsum</strong></span> <span class='ocrx_word' id='word_1_44' title='bbox 1549 1609 1581 1663; x_wconf 91' lang='lat' dir='ltr'><strong>in</strong></span> <span class='ocrx_word' id='word_1_45' title='bbox 1599 1626 1657 1680; x_wconf 94' lang='lat' dir='ltr'><strong>quo</strong></span> 
     </span>
    </p>
   </div>
   <div class='ocr_carea' id='block_1_5' title="bbox 436 1685 1659 2777">
    <p class='ocr_par' dir='ltr' id='par_1_5' title="bbox 436 1685 1659 2777">
     <span class='ocr_line' id='line_1_6' title="bbox 436 1685 1657 1778; baseline -0.003 -26"><span class='ocrx_word' id='word_1_46' title='bbox 436 1685 549 1778; x_wconf 54' lang='lat' dir='ltr'><strong>ffisshff</strong></span> <span class='ocrx_word' id='word_1_47' title='bbox 607 1700 626 1724; x_wconf 88' lang='lat'><strong>“</strong></span> <span class='ocrx_word' id='word_1_48' title='bbox 647 1698 702 1752; x_wconf 83' lang='lat' dir='ltr'><strong>sita</strong></span> <span class='ocrx_word' id='word_1_49' title='bbox 713 1704 768 1762; x_wconf 91' lang='lat' dir='ltr'><strong>est,</strong></span> <span class='ocrx_word' id='word_1_50' title='bbox 783 1703 813 1753; x_wconf 90' lang='lat' dir='ltr'><strong>et</strong></span> <span class='ocrx_word' id='word_1_51' title='bbox 825 1698 948 1753; x_wconf 71' lang='lat' dir='ltr'><strong>aedificia</strong></span> <span class='ocrx_word' id='word_1_52' title='bbox 960 1698 1026 1769; x_wconf 89' lang='lat' dir='ltr'><strong>ipsa</strong></span> <span class='ocrx_word' id='word_1_53' title='bbox 1037 1697 1148 1752; x_wconf 81' lang='lat' dir='ltr'><strong>ibidem</strong></span> <span class='ocrx_word' id='word_1_54' title='bbox 1160 1697 1248 1762; x_wconf 82' lang='lat' dir='ltr'><strong>facta,</strong></span> <span class='ocrx_word' id='word_1_55' title='bbox 1265 1701 1296 1752; x_wconf 90' lang='lat' dir='ltr'><strong>et</strong></span> <span class='ocrx_word' id='word_1_56' title='bbox 1313 1693 1410 1750; x_wconf 89' lang='lat' dir='ltr'><strong>omnia</strong></span> <span class='ocrx_word' id='word_1_57' title='bbox 1428 1712 1493 1765; x_wconf 87' lang='lat' dir='ltr'><strong>quae</strong></span> <span class='ocrx_word' id='word_1_58' title='bbox 1510 1693 1548 1748; x_wconf 89' lang='lat' dir='ltr'><strong>ad</strong></span> <span class='ocrx_word' id='word_1_59' title='bbox 1560 1693 1657 1748; x_wconf 87' lang='lat' dir='ltr'><strong>locum</strong></span> 
     </span>
     <span class='ocr_line' id='line_1_7' title="bbox 438 1776 1658 1853; baseline -0.003 -18"><span class='ocrx_word' id='word_1_60' title='bbox 438 1782 577 1835; x_wconf 69' lang='lat' dir='ltr'><strong>novamne!</strong></span> <span class='ocrx_word' id='word_1_61' title='bbox 608 1783 627 1807; x_wconf 88' lang='lat'>“</span> <span class='ocrx_word' id='word_1_62' title='bbox 646 1781 744 1852; x_wconf 91' lang='lat' dir='ltr'><strong>ipsum</strong></span> <span class='ocrx_word' id='word_1_63' title='bbox 762 1781 917 1853; x_wconf 74' lang='lat' dir='ltr'><strong>pertinent.</strong></span> <span class='ocrx_word' id='word_1_64' title='bbox 963 1782 1004 1837; x_wconf 82' lang='lat' dir='ltr'><strong>Et</strong></span> <span class='ocrx_word' id='word_1_65' title='bbox 1027 1781 1109 1837; x_wconf 93' lang='lat' dir='ltr'><strong>nullo</strong></span> <span class='ocrx_word' id='word_1_66' title='bbox 1135 1779 1222 1835; x_wconf 89' lang='lat' dir='ltr'><strong>modo</strong></span> <span class='ocrx_word' id='word_1_67' title='bbox 1249 1778 1402 1851; x_wconf 85' lang='lat' dir='ltr'><strong>permittas</strong></span> <span class='ocrx_word' id='word_1_68' title='bbox 1428 1776 1506 1850; x_wconf 90' lang='lat' dir='ltr'><strong>quod</strong></span> <span class='ocrx_word' id='word_1_69' title='bbox 1523 1777 1658 1833; x_wconf 86' lang='lat' dir='ltr'><strong>monachi</strong></span> 
     </span>
     <span class='ocr_line' id='line_1_8' title="bbox 437 1833 1656 1939; baseline -0.004 -18"><span class='ocrx_word' id='word_1_70' title='bbox 437 1833 583 1939; x_wconf 50' lang='lat' dir='ltr'><strong>{iodrssreiss&#39;ssl</strong></span> <span class='ocrx_word' id='word_1_71' title='bbox 608 1865 627 1890; x_wconf 87' lang='lat'><strong>“</strong></span> <span class='ocrx_word' id='word_1_72' title='bbox 648 1864 882 1930; x_wconf 71' lang='lat' dir='ltr'><strong>cantuarienseri,</strong></span> <span class='ocrx_word' id='word_1_73' title='bbox 903 1865 949 1920; x_wconf 92' lang='lat' dir='ltr'><strong>vel</strong></span> <span class='ocrx_word' id='word_1_74' title='bbox 968 1864 1062 1936; x_wconf 78' lang='lat' dir='ltr'><strong>aliqui</strong></span> <span class='ocrx_word' id='word_1_75' title='bbox 1081 1864 1198 1935; x_wconf 88' lang='lat' dir='ltr'><strong>judices</strong></span> <span class='ocrx_word' id='word_1_76' title='bbox 1216 1882 1235 1919; x_wconf 88' lang='lat' dir='ltr'><strong>a</strong></span> <span class='ocrx_word' id='word_1_77' title='bbox 1253 1862 1322 1919; x_wconf 91' lang='lat' dir='ltr'><strong>sede</strong></span> <span class='ocrx_word' id='word_1_78' title='bbox 1340 1862 1500 1933; x_wconf 87' lang='lat' dir='ltr'><strong>apostolica</strong></span> <span class='ocrx_word' id='word_1_79' title='bbox 1518 1861 1656 1933; x_wconf 86' lang='lat' dir='ltr'><strong>delegati,</strong></span> 
     </span>
     <span class='ocr_line' id='line_1_9' title="bbox 436 1936 1657 2030; baseline -0.004 -25"><span class='ocrx_word' id='word_1_80' title='bbox 436 1936 569 2030; x_wconf 56' lang='lat' dir='ltr'>ffiffiesoe&#39;</span> <span class='ocrx_word' id='word_1_81' title='bbox 609 1948 851 2020; x_wconf 86' lang='lat' dir='ltr'><strong>“aliquomodo</strong></span> <span class='ocrx_word' id='word_1_82' title='bbox 874 1951 906 2004; x_wconf 91' lang='lat' dir='ltr'><strong>in</strong></span> <span class='ocrx_word' id='word_1_83' title='bbox 932 1949 1026 2020; x_wconf 87' lang='lat' dir='ltr'><strong>ipsam</strong></span> <span class='ocrx_word' id='word_1_84' title='bbox 1052 1948 1206 2005; x_wconf 86' lang='lat' dir='ltr'><strong>ecclesiam</strong></span> <span class='ocrx_word' id='word_1_85' title='bbox 1231 1948 1279 2004; x_wconf 89' lang='lat' dir='ltr'><strong>vel</strong></span> <span class='ocrx_word' id='word_1_86' title='bbox 1302 1947 1400 2002; x_wconf 89' lang='lat' dir='ltr'><strong>locum</strong></span> <span class='ocrx_word' id='word_1_87' title='bbox 1423 1947 1521 2018; x_wconf 90' lang='lat' dir='ltr'><strong>ipsum</strong></span> <span class='ocrx_word' id='word_1_88' title='bbox 1538 1963 1657 2001; x_wconf 90' lang='lat' dir='ltr'><strong>manum</strong></span> 
     </span>
     <span class='ocr_line' id='line_1_10' title="bbox 436 2030 1659 2128; baseline -0.005 -36"><span class='ocrx_word' id='word_1_89' title='bbox 436 2034 587 2128; x_wconf 58' lang='lat' dir='ltr'><strong>ludsoedelg·</strong></span> <span class='ocrx_word' id='word_1_90' title='bbox 608 2035 627 2060; x_wconf 87' lang='lat'><strong>“</strong></span> <span class='ocrx_word' id='word_1_91' title='bbox 648 2033 812 2099; x_wconf 80' lang='lat' dir='ltr'><strong>extendant,</strong></span> <span class='ocrx_word' id='word_1_92' title='bbox 826 2034 874 2089; x_wconf 92' lang='lat' dir='ltr'><strong>vel</strong></span> <span class='ocrx_word' id='word_1_93' title='bbox 892 2034 1022 2104; x_wconf 87' lang='lat' dir='ltr'><strong>aliquam</strong></span> <span class='ocrx_word' id='word_1_94' title='bbox 1039 2039 1215 2105; x_wconf 89' lang='lat' dir='ltr'><strong>potestatem</strong></span> <span class='ocrx_word' id='word_1_95' title='bbox 1233 2036 1396 2097; x_wconf 77' lang='lat' dir='ltr'><strong>exerceant,</strong></span> <span class='ocrx_word' id='word_1_96' title='bbox 1410 2032 1480 2103; x_wconf 89' lang='lat' dir='ltr'><strong>quia</strong></span> <span class='ocrx_word' id='word_1_97' title='bbox 1497 2030 1550 2086; x_wconf 88' lang='lat' dir='ltr'><strong>illa</strong></span> <span class='ocrx_word' id='word_1_98' title='bbox 1567 2030 1659 2087; x_wconf 89' lang='lat' dir='ltr'><strong>eccle-</strong></span> 
     </span>
     <span class='ocr_line' id='line_1_11' title="bbox 438 2087 1658 2194; baseline -0.002 -21"><span class='ocrx_word' id='word_1_99' title='bbox 438 2087 568 2194; x_wconf 51' lang='lat' dir='ltr'><strong>“ffi&#39;vi</strong></span> <span class='ocrx_word' id='word_1_100' title='bbox 581 2098 594 2129; x_wconf 80' lang='lat'>⁰</span> <span class='ocrx_word' id='word_1_101' title='bbox 608 2119 627 2143; x_wconf 81' lang='lat'><strong>‘⁴</strong></span> <span class='ocrx_word' id='word_1_102' title='bbox 647 2117 692 2172; x_wconf 89' lang='lat' dir='ltr'><strong>sia</strong></span> <span class='ocrx_word' id='word_1_103' title='bbox 709 2117 852 2173; x_wconf 83' lang='lat' dir='ltr'><strong>aedifieata</strong></span> <span class='ocrx_word' id='word_1_104' title='bbox 869 2125 915 2172; x_wconf 90' lang='lat' dir='ltr'><strong>est</strong></span> <span class='ocrx_word' id='word_1_105' title='bbox 932 2119 963 2173; x_wconf 94' lang='lat' dir='ltr'><strong>in</strong></span> <span class='ocrx_word' id='word_1_106' title='bbox 986 2122 1152 2172; x_wconf 82' lang='lat' dir='ltr'><strong>tenemento</strong></span> <span class='ocrx_word' id='word_1_107' title='bbox 1178 2116 1256 2188; x_wconf 90' lang='lat' dir='ltr'><strong>quod</strong></span> <span class='ocrx_word' id='word_1_108' title='bbox 1280 2115 1415 2171; x_wconf 90' lang='lat' dir='ltr'><strong>dominns</strong></span> <span class='ocrx_word' id='word_1_109' title='bbox 1440 2115 1658 2171; x_wconf 73' lang='lat' dir='ltr'><strong>cantuariensis</strong></span> 
     </span>
     <span class='ocr_line' id='line_1_12' title="bbox 438 2199 1659 2272; baseline 0 -17"><span class='ocrx_word' id='word_1_110' title='bbox 438 2216 529 2266; x_wconf 78' lang='lat' dir='ltr'><strong>popeto</strong></span> <span class='ocrx_word' id='word_1_111' title='bbox 543 2223 593 2263; x_wconf 68' lang='lat' dir='ltr'><strong>pre</strong></span> <span class='ocrx_word' id='word_1_112' title='bbox 608 2203 627 2226; x_wconf 91' lang='lat'>“</span> <span class='ocrx_word' id='word_1_113' title='bbox 646 2200 683 2255; x_wconf 90' lang='lat' dir='ltr'><strong>de</strong></span> <span class='ocrx_word' id='word_1_114' title='bbox 701 2218 749 2254; x_wconf 88' lang='lat' dir='ltr'><strong>me</strong></span> <span class='ocrx_word' id='word_1_115' title='bbox 766 2207 847 2256; x_wconf 82' lang='lat' dir='ltr'><strong>tenet</strong></span> <span class='ocrx_word' id='word_1_116' title='bbox 870 2201 901 2255; x_wconf 91' lang='lat' dir='ltr'><strong>in</strong></span> <span class='ocrx_word' id='word_1_117' title='bbox 919 2201 1033 2272; x_wconf 78' lang='lat' dir='ltr'><strong>capite,</strong></span> <span class='ocrx_word' id='word_1_118' title='bbox 1059 2206 1089 2256; x_wconf 89' lang='lat' dir='ltr'><strong>et</strong></span> <span class='ocrx_word' id='word_1_119' title='bbox 1114 2200 1272 2256; x_wconf 86' lang='lat' dir='ltr'><strong>annuncies</strong></span> <span class='ocrx_word' id='word_1_120' title='bbox 1296 2199 1446 2255; x_wconf 85' lang='lat' dir='ltr'><strong>monacbis</strong></span> <span class='ocrx_word' id='word_1_121' title='bbox 1469 2199 1659 2255; x_wconf 81' lang='lat' dir='ltr'><strong>Cantuarien·</strong></span> 
     </span>
     <span class='ocr_line' id='line_1_13' title="bbox 439 2264 1657 2354; baseline -0.001 -15"><span class='ocrx_word' id='word_1_122' title='bbox 439 2264 501 2308; x_wconf 50' lang='grc' dir='ltr'><strong>Μ’</strong></span> <span class='ocrx_word' id='word_1_123' title='bbox 607 2287 626 2310; x_wconf 87' lang='grc'>“</span> <span class='ocrx_word' id='word_1_124' title='bbox 647 2284 738 2350; x_wconf 91' lang='lat' dir='ltr'><strong>sibus,</strong></span> <span class='ocrx_word' id='word_1_125' title='bbox 752 2284 961 2341; x_wconf 89' lang='lat' dir='ltr'><strong>ethominibns</strong></span> <span class='ocrx_word' id='word_1_126' title='bbox 980 2285 1016 2340; x_wconf 92' lang='lat' dir='ltr'><strong>de</strong></span> <span class='ocrx_word' id='word_1_127' title='bbox 1035 2283 1195 2340; x_wconf 78' lang='lat' dir='ltr'><strong>(lantuaria</strong></span> <span class='ocrx_word' id='word_1_128' title='bbox 1213 2289 1243 2339; x_wconf 89' lang='lat' dir='ltr'><strong>et</strong></span> <span class='ocrx_word' id='word_1_129' title='bbox 1259 2283 1367 2340; x_wconf 78' lang='lat' dir='ltr'><strong>balivis</strong></span> <span class='ocrx_word' id='word_1_130' title='bbox 1385 2283 1460 2339; x_wconf 89' lang='lat' dir='ltr'><strong>meis</strong></span> <span class='ocrx_word' id='word_1_131' title='bbox 1473 2282 1509 2338; x_wconf 93' lang='lat' dir='ltr'><strong>de</strong></span> <span class='ocrx_word' id='word_1_132' title='bbox 1524 2283 1657 2354; x_wconf 85' lang='lat' dir='ltr'><strong>partibus</strong></span> 
     </span>
     <span class='ocr_line' id='line_1_14' title="bbox 608 2367 1658 2440; baseline 0 -18"><span class='ocrx_word' id='word_1_133' title='bbox 608 2372 626 2395; x_wconf 92' lang='lat'>“</span> <span class='ocrx_word' id='word_1_134' title='bbox 646 2369 716 2434; x_wconf 86' lang='lat' dir='ltr'><strong>illis,</strong></span> <span class='ocrx_word' id='word_1_135' title='bbox 744 2369 822 2440; x_wconf 90' lang='lat' dir='ltr'><strong>quod</strong></span> <span class='ocrx_word' id='word_1_136' title='bbox 849 2369 973 2425; x_wconf 86' lang='lat' dir='ltr'><strong>ecclesia</strong></span> <span class='ocrx_word' id='word_1_137' title='bbox 999 2368 1053 2424; x_wconf 83' lang='lat' dir='ltr'><strong>illa</strong></span> <span class='ocrx_word' id='word_1_138' title='bbox 1076 2369 1108 2423; x_wconf 92' lang='lat' dir='ltr'><strong>in</strong></span> <span class='ocrx_word' id='word_1_139' title='bbox 1134 2387 1223 2423; x_wconf 90' lang='lat' dir='ltr'><strong>manu</strong></span> <span class='ocrx_word' id='word_1_140' title='bbox 1247 2385 1313 2422; x_wconf 86' lang='lat' dir='ltr'><strong>mea</strong></span> <span class='ocrx_word' id='word_1_141' title='bbox 1338 2374 1393 2433; x_wconf 88' lang='lat' dir='ltr'><strong>est,</strong></span> <span class='ocrx_word' id='word_1_142' title='bbox 1414 2373 1444 2423; x_wconf 89' lang='lat' dir='ltr'><strong>et</strong></span> <span class='ocrx_word' id='word_1_143' title='bbox 1472 2367 1550 2439; x_wconf 90' lang='lat' dir='ltr'><strong>quod</strong></span> <span class='ocrx_word' id='word_1_144' title='bbox 1576 2368 1658 2422; x_wconf 92' lang='lat' dir='ltr'><strong>nullo</strong></span> 
     </span>
     <span class='ocr_line' id='line_1_15' title="bbox 608 2451 1659 2524; baseline -0.001 -18"><span class='ocrx_word' id='word_1_145' title='bbox 608 2456 626 2478; x_wconf 81' lang='lat'><strong>‘⁴</strong></span> <span class='ocrx_word' id='word_1_146' title='bbox 647 2452 732 2508; x_wconf 90' lang='lat' dir='ltr'><strong>medo</strong></span> <span class='ocrx_word' id='word_1_147' title='bbox 744 2459 849 2508; x_wconf 78' lang='lat' dir='ltr'><strong>vexent</strong></span> <span class='ocrx_word' id='word_1_148' title='bbox 867 2452 915 2507; x_wconf 94' lang='lat' dir='ltr'><strong>vel</strong></span> <span class='ocrx_word' id='word_1_149' title='bbox 933 2471 1039 2508; x_wconf 83' lang='lat' dir='ltr'><strong>vexare</strong></span> <span class='ocrx_word' id='word_1_150' title='bbox 1057 2453 1230 2524; x_wconf 86' lang='lat' dir='ltr'><strong>permittant</strong></span> <span class='ocrx_word' id='word_1_151' title='bbox 1247 2452 1369 2507; x_wconf 88' lang='lat' dir='ltr'><strong>clericos</strong></span> <span class='ocrx_word' id='word_1_152' title='bbox 1388 2451 1430 2507; x_wconf 92' lang='lat' dir='ltr'><strong>ibi</strong></span> <span class='ocrx_word' id='word_1_153' title='bbox 1447 2457 1598 2506; x_wconf 86' lang='lat' dir='ltr'><strong>manentes</strong></span> <span class='ocrx_word' id='word_1_154' title='bbox 1610 2451 1659 2506; x_wconf 88' lang='lat' dir='ltr'><strong>vel</strong></span> 
     </span>
     <span class='ocr_line' id='line_1_16' title="bbox 608 2533 1657 2607; baseline -0.002 -15"><span class='ocrx_word' id='word_1_155' title='bbox 608 2539 627 2562; x_wconf 92' lang='lat'>“</span> <span class='ocrx_word' id='word_1_156' title='bbox 648 2537 810 2592; x_wconf 74' lang='lat' dir='ltr'><strong>servientes</strong></span> <span class='ocrx_word' id='word_1_157' title='bbox 823 2553 901 2591; x_wconf 88' lang='lat' dir='ltr'><strong>suos.</strong></span> <span class='ocrx_word' id='word_1_158' title='bbox 938 2537 1026 2591; x_wconf 86' lang='lat' dir='ltr'><strong>Teste</strong></span> <span class='ocrx_word' id='word_1_159' title='bbox 1040 2533 1116 2607; x_wconf 88' lang='lat' dir='ltr'>[W.]</span> <span class='ocrx_word' id='word_1_160' title='bbox 1136 2536 1197 2591; x_wconf 88' lang='lat' dir='ltr'><strong>filio</strong></span> <span class='ocrx_word' id='word_1_161' title='bbox 1209 2535 1326 2591; x_wconf 86' lang='lat' dir='ltr'><strong>Radulfi</strong></span> <span class='ocrx_word' id='word_1_162' title='bbox 1339 2535 1501 2591; x_wconf 75' lang='lat' dir='ltr'><strong>senescallo</strong></span> <span class='ocrx_word' id='word_1_163' title='bbox 1513 2534 1657 2590; x_wconf 88' lang='lat' dir='ltr'><strong>Norman·</strong></span> 
     </span>
     <span class='ocr_line' id='line_1_17' title="bbox 608 2619 1659 2692; baseline -0.002 -16"><span class='ocrx_word' id='word_1_164' title='bbox 608 2624 626 2648; x_wconf 92' lang='lat'>“</span> <span class='ocrx_word' id='word_1_165' title='bbox 646 2621 703 2676; x_wconf 77' lang='lat' dir='ltr'><strong>nire</strong></span> <span class='ocrx_word' id='word_1_166' title='bbox 721 2619 799 2692; x_wconf 90' lang='lat' dir='ltr'><strong>apud</strong></span> <span class='ocrx_word' id='word_1_167' title='bbox 816 2619 949 2675; x_wconf 88' lang='lat' dir='ltr'><strong>Burun.”</strong></span> <span class='ocrx_word' id='word_1_168' title='bbox 986 2621 1026 2676; x_wconf 84' lang='lat' dir='ltr'><strong>Et</strong></span> <span class='ocrx_word' id='word_1_169' title='bbox 1043 2619 1110 2676; x_wconf 92' lang='lat' dir='ltr'><strong>ideo</strong></span> <span class='ocrx_word' id='word_1_170' title='bbox 1128 2620 1268 2692; x_wconf 70' lang='lat' dir='ltr'><strong>praecipio</strong></span> <span class='ocrx_word' id='word_1_171' title='bbox 1283 2619 1340 2675; x_wconf 90' lang='lat' dir='ltr'><strong>tibi</strong></span> <span class='ocrx_word' id='word_1_172' title='bbox 1359 2620 1437 2691; x_wconf 90' lang='lat' dir='ltr'><strong>qued</strong></span> <span class='ocrx_word' id='word_1_173' title='bbox 1454 2620 1509 2674; x_wconf 87' lang='lat' dir='ltr'><strong>hac</strong></span> <span class='ocrx_word' id='word_1_174' title='bbox 1522 2619 1659 2692; x_wconf 83' lang='lat' dir='ltr'><strong>proxima</strong></span> 
     </span>
     <span class='ocr_line' id='line_1_18' title="bbox 442 2698 1658 2777; baseline -0.002 -16"><span class='ocrx_word' id='word_1_175' title='bbox 442 2706 479 2749; x_wconf 87' lang='lat'><strong>110</strong></span> <span class='ocrx_word' id='word_1_176' title='bbox 487 2707 543 2749; x_wconf 63' lang='grc' dir='ltr'><strong>ΠΜ</strong></span> <span class='ocrx_word' id='word_1_177' title='bbox 606 2705 654 2760; x_wconf 91' lang='lat' dir='ltr'><strong>die</strong></span> <span class='ocrx_word' id='word_1_178' title='bbox 677 2703 819 2761; x_wconf 84' lang='lat' dir='ltr'><strong>Mercurii</strong></span> <span class='ocrx_word' id='word_1_179' title='bbox 836 2711 904 2777; x_wconf 90' lang='lat' dir='ltr'><strong>post</strong></span> <span class='ocrx_word' id='word_1_180' title='bbox 921 2704 1113 2761; x_wconf 88' lang='lat' dir='ltr'><strong>festivitatem</strong></span> <span class='ocrx_word' id='word_1_181' title='bbox 1138 2704 1238 2761; x_wconf 85' lang='lat' dir='ltr'><strong>Sancti</strong></span> <span class='ocrx_word' id='word_1_182' title='bbox 1261 2698 1356 2759; x_wconf 89' lang='lat' dir='ltr'><strong>Bricii</strong></span> <span class='ocrx_word' id='word_1_183' title='bbox 1379 2721 1464 2760; x_wconf 89' lang='lat' dir='ltr'><strong>mane</strong></span> <span class='ocrx_word' id='word_1_184' title='bbox 1482 2704 1573 2758; x_wconf 87' lang='lat' dir='ltr'><strong>facias</strong></span> <span class='ocrx_word' id='word_1_185' title='bbox 1591 2722 1658 2759; x_wconf 91' lang='lat' dir='ltr'><strong>con·</strong></span> 
     </span>
    </p>
   </div>
   <div class='ocr_carea' id='block_1_6' title="bbox 439 2757 1658 2861">
    <p class='ocr_par' dir='ltr' id='par_1_6' title="bbox 439 2757 1658 2861">
     <span class='ocr_line' id='line_1_19' title="bbox 439 2757 1658 2861; baseline -0.006 -11"><span class='ocrx_word' id='word_1_186' title='bbox 439 2757 566 2859; x_wconf 50' lang='lat' dir='ltr'><strong>{iiiia</strong></span> <span class='ocrx_word' id='word_1_187' title='bbox 606 2789 705 2844; x_wconf 91' lang='lat' dir='ltr'><strong>venire</strong></span> <span class='ocrx_word' id='word_1_188' title='bbox 723 2789 760 2843; x_wconf 90' lang='lat' dir='ltr'><strong>de</strong></span> <span class='ocrx_word' id='word_1_189' title='bbox 778 2788 923 2844; x_wconf 84' lang='lat' dir='ltr'><strong>militibus</strong></span> <span class='ocrx_word' id='word_1_190' title='bbox 941 2788 1113 2844; x_wconf 89' lang='lat' dir='ltr'><strong>melioribus</strong></span> <span class='ocrx_word' id='word_1_191' title='bbox 1132 2795 1163 2844; x_wconf 92' lang='lat' dir='ltr'><strong>et</strong></span> <span class='ocrx_word' id='word_1_192' title='bbox 1179 2788 1375 2861; x_wconf 87' lang='lat' dir='ltr'><strong>probioribus,</strong></span> <span class='ocrx_word' id='word_1_193' title='bbox 1390 2794 1420 2844; x_wconf 92' lang='lat' dir='ltr'><strong>et</strong></span> <span class='ocrx_word' id='word_1_194' title='bbox 1436 2787 1604 2843; x_wconf 88' lang='lat' dir='ltr'><strong>hominibus</strong></span> <span class='ocrx_word' id='word_1_195' title='bbox 1622 2788 1658 2843; x_wconf 91' lang='lat' dir='ltr'><strong>de</strong></span> 
     </span>
    </p>
   </div>
   <div class='ocr_carea' id='block_1_7' title="bbox 439 2859 1657 2951">
    <p class='ocr_par' dir='ltr' id='par_1_7' title="bbox 439 2859 1657 2951">
     <span class='ocr_line' id='line_1_20' title="bbox 439 2859 1657 2951; baseline -0.001 -23"><span class='ocrx_word' id='word_1_196' title='bbox 439 2859 570 2951; x_wconf 53' lang='lat' dir='ltr'><strong>{ffl‘ff&#39;gfsss</strong></span> <span class='ocrx_word' id='word_1_197' title='bbox 606 2873 745 2928; x_wconf 88' lang='lat' dir='ltr'><strong>comitatu</strong></span> <span class='ocrx_word' id='word_1_198' title='bbox 763 2869 848 2928; x_wconf 87' lang='lat' dir='ltr'><strong>etde</strong></span> <span class='ocrx_word' id='word_1_199' title='bbox 867 2873 987 2928; x_wconf 85' lang='lat' dir='ltr'><strong>civitate</strong></span> <span class='ocrx_word' id='word_1_200' title='bbox 1005 2872 1181 2938; x_wconf 81' lang='lat' dir='ltr'><strong>Oantnariae,</strong></span> <span class='ocrx_word' id='word_1_201' title='bbox 1195 2879 1229 2928; x_wconf 93' lang='lat' dir='ltr'><strong>ut</strong></span> <span class='ocrx_word' id='word_1_202' title='bbox 1240 2872 1282 2928; x_wconf 93' lang='lat' dir='ltr'><strong>ibi</strong></span> <span class='ocrx_word' id='word_1_203' title='bbox 1304 2890 1402 2927; x_wconf 88' lang='lat' dir='ltr'><strong>coram</strong></span> <span class='ocrx_word' id='word_1_204' title='bbox 1420 2872 1493 2944; x_wconf 89' lang='lat' dir='ltr'><strong>ipsis</strong></span> <span class='ocrx_word' id='word_1_205' title='bbox 1513 2871 1657 2937; x_wconf 89' lang='lat' dir='ltr'><strong>omnibus,</strong></span> 
     </span>
    </p>
   </div>
   <div class='ocr_carea' id='block_1_8' title="bbox 439 2956 1659 3197">
    <p class='ocr_par' dir='ltr' id='par_1_8' title="bbox 439 2956 1659 3197">
     <span class='ocr_line' id='line_1_21' title="bbox 439 2956 1659 3028; baseline -0.001 -16"><span class='ocrx_word' id='word_1_206' title='bbox 439 2960 502 3012; x_wconf 70' lang='lat' dir='ltr'><strong>toral</strong></span> <span class='ocrx_word' id='word_1_207' title='bbox 510 2960 583 3003; x_wconf 76' lang='lat' dir='ltr'><strong>order.</strong></span> <span class='ocrx_word' id='word_1_208' title='bbox 606 2957 695 3013; x_wconf 86' lang='lat' dir='ltr'><strong>simul</strong></span> <span class='ocrx_word' id='word_1_209' title='bbox 720 2976 787 3012; x_wconf 91' lang='lat' dir='ltr'><strong>cum</strong></span> <span class='ocrx_word' id='word_1_210' title='bbox 811 2957 871 3013; x_wconf 86' lang='lat' dir='ltr'><strong>illis</strong></span> <span class='ocrx_word' id='word_1_211' title='bbox 898 2975 971 3028; x_wconf 88' lang='lat' dir='ltr'><strong>quos</strong></span> <span class='ocrx_word' id='word_1_212' title='bbox 997 2976 1053 3028; x_wconf 88' lang='lat' dir='ltr'><strong>ego</strong></span> <span class='ocrx_word' id='word_1_213' title='bbox 1080 2964 1150 3013; x_wconf 92' lang='lat' dir='ltr'><strong>tunc</strong></span> <span class='ocrx_word' id='word_1_214' title='bbox 1178 2957 1250 3012; x_wconf 91' lang='lat' dir='ltr'><strong>illuc</strong></span> <span class='ocrx_word' id='word_1_215' title='bbox 1276 2976 1311 3011; x_wconf 83' lang='lat' dir='ltr'><strong>ex</strong></span> <span class='ocrx_word' id='word_1_216' title='bbox 1335 2963 1418 3027; x_wconf 85' lang='lat' dir='ltr'><strong>parte</strong></span> <span class='ocrx_word' id='word_1_217' title='bbox 1444 2956 1554 3011; x_wconf 90' lang='lat' dir='ltr'><strong>domini</strong></span> <span class='ocrx_word' id='word_1_218' title='bbox 1578 2957 1659 3028; x_wconf 85' lang='lat' dir='ltr'><strong>regis</strong></span> 
     </span>
     <span class='ocr_line' id='line_1_22' title="bbox 606 3040 1658 3113; baseline 0.001 -17"><span class='ocrx_word' id='word_1_219' title='bbox 606 3041 730 3106; x_wconf 83' lang='lat' dir='ltr'><strong>mittam,</strong></span> <span class='ocrx_word' id='word_1_220' title='bbox 745 3042 839 3113; x_wconf 82' lang='lat' dir='ltr'><strong>possit</strong></span> <span class='ocrx_word' id='word_1_221' title='bbox 849 3041 1018 3096; x_wconf 88' lang='lat' dir='ltr'><strong>mandatum</strong></span> <span class='ocrx_word' id='word_1_222' title='bbox 1034 3041 1115 3097; x_wconf 86' lang='lat' dir='ltr'><strong>istud</strong></span> <span class='ocrx_word' id='word_1_223' title='bbox 1127 3046 1157 3095; x_wconf 92' lang='lat' dir='ltr'><strong>et</strong></span> <span class='ocrx_word' id='word_1_224' title='bbox 1174 3047 1353 3111; x_wconf 76' lang='lat' dir='ltr'><strong>praeceptum</strong></span> <span class='ocrx_word' id='word_1_225' title='bbox 1366 3040 1536 3096; x_wconf 87' lang='lat' dir='ltr'><strong>solemniter</strong></span> <span class='ocrx_word' id='word_1_226' title='bbox 1548 3041 1658 3113; x_wconf 86' lang='lat' dir='ltr'><strong>perfici,</strong></span> 
     </span>
     <span class='ocr_line' id='line_1_23' title="bbox 607 3124 1123 3197; baseline -0.002 -16"><span class='ocrx_word' id='word_1_227' title='bbox 607 3131 637 3181; x_wconf 88' lang='lat' dir='ltr'><strong>et</strong></span> <span class='ocrx_word' id='word_1_228' title='bbox 655 3132 687 3181; x_wconf 91' lang='lat' dir='ltr'><strong>tu</strong></span> <span class='ocrx_word' id='word_1_229' title='bbox 706 3125 769 3197; x_wconf 91' lang='lat' dir='ltr'><strong>ipso</strong></span> <span class='ocrx_word' id='word_1_230' title='bbox 786 3125 833 3180; x_wconf 92' lang='lat' dir='ltr'><strong>his</strong></span> <span class='ocrx_word' id='word_1_231' title='bbox 852 3124 975 3197; x_wconf 84' lang='lat' dir='ltr'><strong>agendis</strong></span> <span class='ocrx_word' id='word_1_232' title='bbox 994 3125 1123 3181; x_wconf 85' lang='lat' dir='ltr'><strong>intersis.</strong></span> 
     </span>
    </p>
   </div>
   <div class='ocr_carea' id='block_1_9' title="bbox 465 3305 1661 3448">
    <p class='ocr_par' dir='ltr' id='par_1_9' title="bbox 465 3305 1661 3448">
     <span class='ocr_line' id='line_1_24' title="bbox 465 3305 1661 3363; baseline 0 -3"><span class='ocrx_word' id='word_1_233' title='bbox 465 3315 570 3360; x_wconf 78' lang='lat' dir='ltr'><strong>October.</strong></span> <span class='ocrx_word' id='word_1_234' title='bbox 609 3305 776 3362; x_wconf 79' lang='lat' dir='ltr'>CXXXIV.</span> <span class='ocrx_word' id='word_1_235' title='bbox 802 3308 954 3363; x_wconf 78' lang='lat' dir='ltr'><strong>Horonms</strong></span> <span class='ocrx_word' id='word_1_236' title='bbox 973 3323 1058 3362; x_wconf 82' lang='lat' dir='ltr'><strong>rnroa</strong></span> <span class='ocrx_word' id='word_1_237' title='bbox 1076 3323 1110 3362; x_wconf 83' lang='lat' dir='ltr'><strong>nr</strong></span> <span class='ocrx_word' id='word_1_238' title='bbox 1129 3322 1201 3361; x_wconf 85' lang='lat' dir='ltr'><strong>soen</strong></span> <span class='ocrx_word' id='word_1_239' title='bbox 1220 3322 1377 3363; x_wconf 75' lang='lat' dir='ltr'><strong>convesrsi</strong></span> <span class='ocrx_word' id='word_1_240' title='bbox 1397 3307 1613 3363; x_wconf 77' lang='lat' dir='ltr'><strong>Oanruaninnsr</strong></span> <span class='ocrx_word' id='word_1_241' title='bbox 1624 3321 1661 3360; x_wconf 85' lang='lat' dir='ltr'><strong>nn</strong></span> 
     </span>
     <span class='ocr_line' id='line_1_25' title="bbox 962 3392 1302 3448; baseline 0.003 -2"><span class='ocrx_word' id='word_1_242' title='bbox 962 3406 1057 3446; x_wconf 79' lang='lat' dir='ltr'><strong>nerra</strong></span> <span class='ocrx_word' id='word_1_243' title='bbox 1076 3392 1194 3448; x_wconf 74' lang='lat' dir='ltr'><strong>Unam</strong></span> <span class='ocrx_word' id='word_1_244' title='bbox 1213 3406 1302 3447; x_wconf 71' lang='lat' dir='ltr'><strong>rara.</strong></span> 
     </span>
    </p>
   </div>
   <div class='ocr_carea' id='block_1_10' title="bbox 439 3484 1660 3556">
    <p class='ocr_par' dir='ltr' id='par_1_10' title="bbox 439 3484 1660 3556">
     <span class='ocr_line' id='line_1_26' title="bbox 439 3484 1660 3556; baseline -0.002 -15"><span class='ocrx_word' id='word_1_245' title='bbox 439 3499 487 3541; x_wconf 73' lang='lat' dir='ltr'><strong>Tha</strong></span> <span class='ocrx_word' id='word_1_246' title='bbox 496 3499 559 3550; x_wconf 78' lang='lat' dir='ltr'><strong>prior</strong></span> <span class='ocrx_word' id='word_1_247' title='bbox 644 3487 727 3540; x_wconf 85' lang='lat' dir='ltr'><strong>Licet</strong></span> <span class='ocrx_word' id='word_1_248' title='bbox 753 3486 855 3540; x_wconf 89' lang='lat' dir='ltr'><strong>multis</strong></span> <span class='ocrx_word' id='word_1_249' title='bbox 886 3493 916 3540; x_wconf 90' lang='lat' dir='ltr'><strong>ot</strong></span> <span class='ocrx_word' id='word_1_250' title='bbox 941 3485 1064 3540; x_wconf 87' lang='lat' dir='ltr'><strong>infinitis</strong></span> <span class='ocrx_word' id='word_1_251' title='bbox 1093 3486 1264 3556; x_wconf 88' lang='lat' dir='ltr'><strong>ubicunque</strong></span> <span class='ocrx_word' id='word_1_252' title='bbox 1294 3493 1440 3540; x_wconf 90' lang='lat' dir='ltr'><strong>terrarum</strong></span> <span class='ocrx_word' id='word_1_253' title='bbox 1473 3484 1660 3555; x_wconf 74' lang='lat' dir='ltr'><strong>degentibuer,</strong></span> 
     </span>
    </p>
   </div>
   <div class='ocr_carea' id='block_1_11' title="bbox 440 3550 1658 3643">
    <p class='ocr_par' dir='ltr' id='par_1_11' title="bbox 440 3550 1658 3643">
     <span class='ocr_line' id='line_1_27' title="bbox 440 3550 1658 3643; baseline -0.002 -19"><span class='ocrx_word' id='word_1_254' title='bbox 440 3550 816 3643; x_wconf 54' lang='lat' dir='ltr'><strong>¹,¹,¹,[,‘¹,‘,¹.¹,¹,⁸,{1¹ffitsuperocoasu</strong></span> <span class='ocrx_word' id='word_1_255' title='bbox 834 3570 943 3623; x_wconf 92' lang='lat' dir='ltr'><strong>domini</strong></span> <span class='ocrx_word' id='word_1_256' title='bbox 962 3589 1045 3641; x_wconf 75' lang='lat' dir='ltr'><strong>papae</strong></span> <span class='ocrx_word' id='word_1_257' title='bbox 1070 3571 1122 3641; x_wconf 92' lang='lat' dir='ltr'><strong>qui</strong></span> <span class='ocrx_word' id='word_1_258' title='bbox 1146 3570 1183 3624; x_wconf 90' lang='lat' dir='ltr'><strong>de</strong></span> <span class='ocrx_word' id='word_1_259' title='bbox 1201 3588 1276 3625; x_wconf 90' lang='lat' dir='ltr'><strong>novo</strong></span> <span class='ocrx_word' id='word_1_260' title='bbox 1300 3569 1416 3634; x_wconf 88' lang='lat' dir='ltr'><strong>accidit,</strong></span> <span class='ocrx_word' id='word_1_261' title='bbox 1437 3567 1658 3632; x_wconf 85' lang='lat' dir='ltr'><strong>condolendum,</strong></span> 
     </span>
    </p>
   </div>
   <div class='ocr_carea' id='block_1_12' title="bbox 441 3651 1660 3808">
    <p class='ocr_par' dir='ltr' id='par_1_12' title="bbox 441 3651 1660 3808">
     <span class='ocr_line' id='line_1_28' title="bbox 441 3651 1660 3742; baseline -0.002 -35"><span class='ocrx_word' id='word_1_262' title='bbox 441 3651 587 3742; x_wconf 42' lang='lat' dir='ltr'><strong>llfffssdliffiffiss</strong></span> <span class='ocrx_word' id='word_1_263' title='bbox 608 3655 652 3707; x_wconf 92' lang='lat' dir='ltr'><strong>illi</strong></span> <span class='ocrx_word' id='word_1_264' title='bbox 665 3662 762 3707; x_wconf 87' lang='lat' dir='ltr'><strong>tamen</strong></span> <span class='ocrx_word' id='word_1_265' title='bbox 783 3654 819 3707; x_wconf 93' lang='lat' dir='ltr'><strong>do</strong></span> <span class='ocrx_word' id='word_1_266' title='bbox 832 3671 957 3724; x_wconf 89' lang='lat' dir='ltr'><strong>quorum</strong></span> <span class='ocrx_word' id='word_1_267' title='bbox 970 3673 1073 3709; x_wconf 90' lang='lat' dir='ltr'><strong>sumus</strong></span> <span class='ocrx_word' id='word_1_268' title='bbox 1086 3672 1208 3709; x_wconf 89' lang='lat' dir='ltr'><strong>numero</strong></span> <span class='ocrx_word' id='word_1_269' title='bbox 1220 3660 1301 3709; x_wconf 88' lang='lat' dir='ltr'><strong>tanto</strong></span> <span class='ocrx_word' id='word_1_270' title='bbox 1319 3653 1523 3708; x_wconf 88' lang='lat' dir='ltr'><strong>vehementius</strong></span> <span class='ocrx_word' id='word_1_271' title='bbox 1537 3659 1660 3722; x_wconf 83' lang='lat' dir='ltr'><strong>gemunt</strong></span> 
     </span>
     <span class='ocr_line' id='line_1_29' title="bbox 441 3732 1659 3808; baseline -0.002 -17"><span class='ocrx_word' id='word_1_272' title='bbox 441 3732 581 3796; x_wconf 65' lang='lat' dir='ltr'><strong>(ieiunant</strong></span> <span class='ocrx_word' id='word_1_273' title='bbox 608 3748 637 3792; x_wconf 89' lang='lat' dir='ltr'><strong>ct</strong></span> <span class='ocrx_word' id='word_1_274' title='bbox 661 3738 880 3802; x_wconf 87' lang='lat' dir='ltr'><strong>contristantur,</strong></span> <span class='ocrx_word' id='word_1_275' title='bbox 908 3745 1017 3808; x_wconf 90' lang='lat' dir='ltr'><strong>quanto</strong></span> <span class='ocrx_word' id='word_1_276' title='bbox 1047 3757 1097 3794; x_wconf 86' lang='lat' dir='ltr'><strong>eos</strong></span> <span class='ocrx_word' id='word_1_277' title='bbox 1132 3739 1303 3794; x_wconf 84' lang='lat' dir='ltr'><strong>ferventiori</strong></span> <span class='ocrx_word' id='word_1_278' title='bbox 1334 3738 1489 3793; x_wconf 84' lang='lat' dir='ltr'><strong>videbatur</strong></span> <span class='ocrx_word' id='word_1_279' title='bbox 1521 3736 1659 3807; x_wconf 76' lang='lat' dir='ltr'><strong>amplecti</strong></span> 
     </span>
    </p>
   </div>
   <div class='ocr_carea' id='block_1_13' title="bbox 439 3802 1658 3895">
    <p class='ocr_par' dir='ltr' id='par_1_13' title="bbox 439 3802 1658 3895">
     <span class='ocr_line' id='line_1_30' title="bbox 439 3802 1658 3895; baseline -0.001 -20"><span class='ocrx_word' id='word_1_280' title='bbox 439 3802 575 3895; x_wconf 50' lang='grc' dir='ltr'><strong>δζζιξξήω</strong></span> <span class='ocrx_word' id='word_1_281' title='bbox 608 3821 738 3886; x_wconf 84' lang='lat' dir='ltr'><strong>caritate,</strong></span> <span class='ocrx_word' id='word_1_282' title='bbox 764 3828 794 3875; x_wconf 91' lang='lat' dir='ltr'><strong>ot</strong></span> <span class='ocrx_word' id='word_1_283' title='bbox 824 3822 974 3876; x_wconf 88' lang='lat' dir='ltr'><strong>fructuosa</strong></span> <span class='ocrx_word' id='word_1_284' title='bbox 1005 3824 1160 3877; x_wconf 90' lang='lat' dir='ltr'><strong>confovere</strong></span> <span class='ocrx_word' id='word_1_285' title='bbox 1184 3822 1347 3878; x_wconf 88' lang='lat' dir='ltr'><strong>devotione.</strong></span> <span class='ocrx_word' id='word_1_286' title='bbox 1394 3822 1469 3877; x_wconf 84' lang='lat' dir='ltr'><strong>Cum</strong></span> <span class='ocrx_word' id='word_1_287' title='bbox 1501 3822 1596 3891; x_wconf 83' lang='lat' dir='ltr'><strong>igitur</strong></span> <span class='ocrx_word' id='word_1_288' title='bbox 1628 3821 1658 3874; x_wconf 92' lang='lat' dir='ltr'><strong>in</strong></span> 
     </span>
    </p>
   </div>
   <div class='ocr_carea' id='block_1_14' title="bbox 608 3905 1659 4145">
    <p class='ocr_par' dir='ltr' id='par_1_14' title="bbox 608 3905 1659 4145">
     <span class='ocr_line' id='line_1_31' title="bbox 608 3905 1659 3969; baseline -0.002 -9"><span class='ocrx_word' id='word_1_289' title='bbox 608 3905 734 3960; x_wconf 86' lang='lat' dir='ltr'><strong>crastino</strong></span> <span class='ocrx_word' id='word_1_290' title='bbox 756 3905 924 3960; x_wconf 83' lang='lat' dir='ltr'><strong>festivitatis</strong></span> <span class='ocrx_word' id='word_1_291' title='bbox 949 3906 1028 3961; x_wconf 87' lang='lat' dir='ltr'><strong>beati</strong></span> <span class='ocrx_word' id='word_1_292' title='bbox 1047 3907 1135 3961; x_wconf 84' lang='lat' dir='ltr'><strong>Lucae</strong></span> <span class='ocrx_word' id='word_1_293' title='bbox 1159 3906 1237 3960; x_wconf 89' lang='lat' dir='ltr'><strong>diem</strong></span> <span class='ocrx_word' id='word_1_294' title='bbox 1262 3907 1417 3962; x_wconf 86' lang='lat' dir='ltr'><strong>clausisset</strong></span> <span class='ocrx_word' id='word_1_295' title='bbox 1441 3912 1614 3969; x_wconf 84' lang='lat' dir='ltr'><strong>extremum,</strong></span> <span class='ocrx_word' id='word_1_296' title='bbox 1629 3913 1659 3958; x_wconf 91' lang='lat' dir='ltr'><strong>ct</strong></span> 
     </span>
     <span class='ocr_line' id='line_1_32' title="bbox 608 3989 1658 4060; baseline 0.002 -18"><span class='ocrx_word' id='word_1_297' title='bbox 608 3989 742 4043; x_wconf 72' lang='lat' dir='ltr'><strong>verendae</strong></span> <span class='ocrx_word' id='word_1_298' title='bbox 761 3991 894 4059; x_wconf 86' lang='lat' dir='ltr'><strong>sequenti</strong></span> <span class='ocrx_word' id='word_1_299' title='bbox 914 3990 962 4043; x_wconf 89' lang='lat' dir='ltr'><strong>die</strong></span> <span class='ocrx_word' id='word_1_300' title='bbox 988 3990 1147 4060; x_wconf 84' lang='lat' dir='ltr'><strong>sepulturae</strong></span> <span class='ocrx_word' id='word_1_301' title='bbox 1169 3990 1432 4055; x_wconf 83' lang='lat' dir='ltr'><strong>commendaretur,</strong></span> <span class='ocrx_word' id='word_1_302' title='bbox 1455 3989 1530 4044; x_wconf 88' lang='lat' dir='ltr'><strong>feria</strong></span> <span class='ocrx_word' id='word_1_303' title='bbox 1553 3995 1658 4060; x_wconf 87' lang='lat' dir='ltr'><strong>quarta</strong></span> 
     </span>
     <span class='ocr_line' id='line_1_33' title="bbox 608 4072 1659 4145; baseline 0.001 -18"><span class='ocrx_word' id='word_1_304' title='bbox 608 4072 742 4127; x_wconf 89' lang='lat' dir='ltr'><strong>dominus</strong></span> <span class='ocrx_word' id='word_1_305' title='bbox 761 4073 953 4128; x_wconf 87' lang='lat' dir='ltr'><strong>cancellarius</strong></span> <span class='ocrx_word' id='word_1_306' title='bbox 985 4075 1016 4128; x_wconf 91' lang='lat' dir='ltr'><strong>in</strong></span> <span class='ocrx_word' id='word_1_307' title='bbox 1033 4092 1140 4145; x_wconf 88' lang='lat' dir='ltr'><strong>papam</strong></span> <span class='ocrx_word' id='word_1_308' title='bbox 1163 4075 1334 4129; x_wconf 89' lang='lat' dir='ltr'><strong>solemniter</strong></span> <span class='ocrx_word' id='word_1_309' title='bbox 1356 4083 1385 4129; x_wconf 89' lang='lat' dir='ltr'><strong>ct</strong></span> <span class='ocrx_word' id='word_1_310' title='bbox 1406 4075 1590 4129; x_wconf 89' lang='lat' dir='ltr'><strong>concorditer</strong></span> <span class='ocrx_word' id='word_1_311' title='bbox 1614 4081 1659 4128; x_wconf 88' lang='lat' dir='ltr'><strong>ost</strong></span> 
     </span>
    </p>
   </div>
   <div class='ocr_carea' id='block_1_15' title="bbox 441 4157 1658 4230">
    <p class='ocr_par' dir='ltr' id='par_1_15' title="bbox 441 4157 1658 4230">
     <span class='ocr_line' id='line_1_34' title="bbox 441 4157 1658 4230; baseline 0 -17"><span class='ocrx_word' id='word_1_312' title='bbox 441 4170 570 4213; x_wconf 70' lang='lat' dir='ltr'><strong>libertate</strong></span> <span class='ocrx_word' id='word_1_313' title='bbox 608 4158 728 4220; x_wconf 80' lang='lat' dir='ltr'><strong>electae,</strong></span> <span class='ocrx_word' id='word_1_314' title='bbox 748 4164 778 4211; x_wconf 89' lang='lat' dir='ltr'><strong>et</strong></span> <span class='ocrx_word' id='word_1_315' title='bbox 796 4157 958 4228; x_wconf 86' lang='lat' dir='ltr'><strong>Gregorius</strong></span> <span class='ocrx_word' id='word_1_316' title='bbox 977 4165 1097 4213; x_wconf 89' lang='lat' dir='ltr'><strong>octavus</strong></span> <span class='ocrx_word' id='word_1_317' title='bbox 1111 4158 1323 4214; x_wconf 87' lang='lat' dir='ltr'><strong>denominatus.</strong></span> <span class='ocrx_word' id='word_1_318' title='bbox 1359 4160 1450 4230; x_wconf 85' lang='lat' dir='ltr'><strong>Agite</strong></span> <span class='ocrx_word' id='word_1_319' title='bbox 1470 4177 1542 4230; x_wconf 86' lang='lat' dir='ltr'><strong>ergo</strong></span> <span class='ocrx_word' id='word_1_320' title='bbox 1562 4159 1658 4213; x_wconf 81' lang='lat' dir='ltr'><strong>felicis</strong></span> 
     </span>
    </p>
   </div>
   <div class='ocr_carea' id='block_1_16' title="bbox 441 4221 1659 4313">
    <p class='ocr_par' dir='ltr' id='par_1_16' title="bbox 441 4221 1659 4313">
     <span class='ocr_line' id='line_1_35' title="bbox 441 4221 1659 4313; baseline -0.002 -13"><span class='ocrx_word' id='word_1_321' title='bbox 441 4221 583 4313; x_wconf 47' lang='lat' dir='ltr'><strong>Q&#39;ffflssi&#39;gd</strong></span> <span class='ocrx_word' id='word_1_322' title='bbox 607 4241 815 4296; x_wconf 89' lang='lat' dir='ltr'><strong>recordationis</strong></span> <span class='ocrx_word' id='word_1_323' title='bbox 833 4242 945 4297; x_wconf 87' lang='lat' dir='ltr'><strong>Urbani</strong></span> <span class='ocrx_word' id='word_1_324' title='bbox 963 4261 1046 4313; x_wconf 70' lang='lat' dir='ltr'><strong>papie</strong></span> <span class='ocrx_word' id='word_1_325' title='bbox 1065 4244 1236 4297; x_wconf 87' lang='lat' dir='ltr'><strong>memoriam</strong></span> <span class='ocrx_word' id='word_1_326' title='bbox 1255 4244 1454 4308; x_wconf 88' lang='lat' dir='ltr'><strong>devotissime,</strong></span> <span class='ocrx_word' id='word_1_327' title='bbox 1475 4245 1526 4313; x_wconf 92' lang='lat' dir='ltr'><strong>qui</strong></span> <span class='ocrx_word' id='word_1_328' title='bbox 1552 4261 1605 4298; x_wconf 91' lang='lat' dir='ltr'><strong>nos</strong></span> <span class='ocrx_word' id='word_1_329' title='bbox 1629 4251 1659 4298; x_wconf 88' lang='lat' dir='ltr'><strong>ct</strong></span> 
     </span>
    </p>
   </div>
   <div class='ocr_carea' id='block_1_17' title="bbox 441 4324 1757 4425">
    <p class='ocr_par' dir='ltr' id='par_1_17' title="bbox 441 4324 1757 4425">
     <span class='ocr_line' id='line_1_36' title="bbox 441 4324 1757 4425; baseline -0.001 -44"><span class='ocrx_word' id='word_1_330' title='bbox 441 4324 595 4424; x_wconf 49' lang='grc' dir='ltr'><strong>ξᾞῐέιξξέὦῑν</strong></span> <span class='ocrx_word' id='word_1_331' title='bbox 608 4327 760 4381; x_wconf 85' lang='lat' dir='ltr'><strong>ecelesiam</strong></span> <span class='ocrx_word' id='word_1_332' title='bbox 787 4333 916 4380; x_wconf 88' lang='lat' dir='ltr'><strong>nostram</strong></span> <span class='ocrx_word' id='word_1_333' title='bbox 942 4344 1036 4397; x_wconf 87' lang='lat' dir='ltr'><strong>usque</strong></span> <span class='ocrx_word' id='word_1_334' title='bbox 1064 4327 1094 4380; x_wconf 91' lang='lat' dir='ltr'><strong>in</strong></span> <span class='ocrx_word' id='word_1_335' title='bbox 1121 4327 1209 4381; x_wconf 85' lang='lat' dir='ltr'><strong>finem</strong></span> <span class='ocrx_word' id='word_1_336' title='bbox 1236 4328 1348 4382; x_wconf 81' lang='lat' dir='ltr'><strong>dilexit.</strong></span> <span class='ocrx_word' id='word_1_337' title='bbox 1386 4328 1485 4398; x_wconf 88' lang='lat' dir='ltr'><strong>Hujus</strong></span> <span class='ocrx_word' id='word_1_338' title='bbox 1512 4345 1583 4381; x_wconf 90' lang='lat' dir='ltr'><strong>vero</strong></span> <span class='ocrx_word' id='word_1_339' title='bbox 1608 4327 1658 4398; x_wconf 88' lang='lat' dir='ltr'><strong>qni</strong></span> <span class='ocrx_word' id='word_1_340' title='bbox 1671 4333 1693 4425; x_wconf 52' lang='grc' dir='ltr'><strong><em>ἶ</em></strong></span> <span class='ocrx_word' id='word_1_341' title='bbox 1701 4331 1757 4375; x_wconf 82' lang='lat' dir='ltr'><strong>John</strong></span> 
     </span>
    </p>
   </div>
   <div class='ocr_carea' id='block_1_18' title="bbox 442 4410 1660 4566">
    <p class='ocr_par' dir='ltr' id='par_1_18' title="bbox 442 4410 1660 4566">
     <span class='ocr_line' id='line_1_37' title="bbox 442 4410 1660 4484; baseline -0.001 -19"><span class='ocrx_word' id='word_1_342' title='bbox 442 4423 508 4467; x_wconf 73' lang='lat' dir='ltr'><strong>t&#39;lll.</strong></span> <span class='ocrx_word' id='word_1_343' title='bbox 609 4429 684 4465; x_wconf 91' lang='lat' dir='ltr'><strong>nune</strong></span> <span class='ocrx_word' id='word_1_344' title='bbox 714 4410 853 4481; x_wconf 68' lang='lat' dir='ltr'><strong>praesidet</strong></span> <span class='ocrx_word' id='word_1_345' title='bbox 882 4411 1058 4480; x_wconf 86' lang='lat' dir='ltr'><strong>promotioni</strong></span> <span class='ocrx_word' id='word_1_346' title='bbox 1094 4411 1285 4481; x_wconf 85' lang='lat' dir='ltr'><strong>congaudete,</strong></span> <span class='ocrx_word' id='word_1_347' title='bbox 1322 4430 1409 4484; x_wconf 87' lang='lat' dir='ltr'><strong>quem</strong></span> <span class='ocrx_word' id='word_1_348' title='bbox 1439 4411 1599 4482; x_wconf 90' lang='lat' dir='ltr'><strong>propitium</strong></span> <span class='ocrx_word' id='word_1_349' title='bbox 1629 4412 1660 4464; x_wconf 93' lang='lat' dir='ltr'><strong>in</strong></span> 
     </span>
     <span class='ocr_line' id='line_1_38' title="bbox 609 4493 1660 4566; baseline 0.001 -19"><span class='ocrx_word' id='word_1_350' title='bbox 609 4493 731 4564; x_wconf 86' lang='lat' dir='ltr'><strong>agendis</strong></span> <span class='ocrx_word' id='word_1_351' title='bbox 754 4495 863 4548; x_wconf 85' lang='lat' dir='ltr'><strong>nostris</strong></span> <span class='ocrx_word' id='word_1_352' title='bbox 895 4494 1060 4549; x_wconf 86' lang='lat' dir='ltr'><strong>invenimus</strong></span> <span class='ocrx_word' id='word_1_353' title='bbox 1085 4502 1116 4550; x_wconf 90' lang='lat' dir='ltr'><strong>et</strong></span> <span class='ocrx_word' id='word_1_354' title='bbox 1139 4495 1312 4565; x_wconf 84' lang='lat' dir='ltr'><strong>benignum,</strong></span> <span class='ocrx_word' id='word_1_355' title='bbox 1343 4496 1483 4566; x_wconf 86' lang='lat' dir='ltr'><strong>quicquid</strong></span> <span class='ocrx_word' id='word_1_356' title='bbox 1513 4494 1597 4549; x_wconf 85' lang='lat' dir='ltr'><strong>vobis</strong></span> <span class='ocrx_word' id='word_1_357' title='bbox 1630 4496 1660 4548; x_wconf 91' lang='lat' dir='ltr'><strong>in</strong></span> 
     </span>
    </p>
   </div>
   <div class='ocr_carea' id='block_1_19' title="bbox 443 4578 1660 4650">
    <p class='ocr_par' dir='ltr' id='par_1_19' title="bbox 443 4578 1660 4650">
     <span class='ocr_line' id='line_1_39' title="bbox 443 4578 1660 4650; baseline 0 -18"><span class='ocrx_word' id='word_1_358' title='bbox 443 4590 550 4632; x_wconf 78' lang='lat' dir='ltr'><strong>Thenev</strong></span> <span class='ocrx_word' id='word_1_359' title='bbox 609 4579 787 4632; x_wconf 88' lang='lat' dir='ltr'><strong>contrarium</strong></span> <span class='ocrx_word' id='word_1_360' title='bbox 806 4578 897 4632; x_wconf 88' lang='lat' dir='ltr'><strong>fuerit</strong></span> <span class='ocrx_word' id='word_1_361' title='bbox 922 4586 1107 4648; x_wconf 82' lang='lat' dir='ltr'><strong>suggestum.</strong></span> <span class='ocrx_word' id='word_1_362' title='bbox 1146 4579 1330 4650; x_wconf 81' lang='lat' dir='ltr'><strong>Frequenter</strong></span> <span class='ocrx_word' id='word_1_363' title='bbox 1359 4581 1446 4634; x_wconf 87' lang='lat' dir='ltr'><strong>etiam</strong></span> <span class='ocrx_word' id='word_1_364' title='bbox 1472 4578 1555 4633; x_wconf 86' lang='lat' dir='ltr'><strong>nobis</strong></span> <span class='ocrx_word' id='word_1_365' title='bbox 1574 4579 1660 4633; x_wconf 89' lang='lat' dir='ltr'><strong>vultu</strong></span> 
     </span>
    </p>
   </div>
   <div class='ocr_carea' id='block_1_20' title="bbox 442 4639 1661 4742">
    <p class='ocr_par' dir='ltr' id='par_1_20' title="bbox 442 4639 1661 4742">
     <span class='ocr_line' id='line_1_40' title="bbox 442 4639 1661 4742; baseline 0.002 -25"><span class='ocrx_word' id='word_1_366' title='bbox 442 4639 558 4742; x_wconf 52' lang='lat' dir='ltr'><strong>ffiffll</strong></span> <span class='ocrx_word' id='word_1_367' title='bbox 609 4662 723 4732; x_wconf 87' lang='lat' dir='ltr'><strong>placido</strong></span> <span class='ocrx_word' id='word_1_368' title='bbox 755 4662 942 4732; x_wconf 88' lang='lat' dir='ltr'><strong>preponebat,</strong></span> <span class='ocrx_word' id='word_1_369' title='bbox 975 4663 1053 4733; x_wconf 90' lang='lat' dir='ltr'><strong>quod</strong></span> <span class='ocrx_word' id='word_1_370' title='bbox 1089 4664 1244 4719; x_wconf 88' lang='lat' dir='ltr'><strong>ecclesiam</strong></span> <span class='ocrx_word' id='word_1_371' title='bbox 1280 4670 1410 4720; x_wconf 85' lang='lat' dir='ltr'><strong>nostram</strong></span> <span class='ocrx_word' id='word_1_372' title='bbox 1441 4667 1472 4718; x_wconf 90' lang='lat' dir='ltr'><strong>in</strong></span> <span class='ocrx_word' id='word_1_373' title='bbox 1505 4664 1661 4719; x_wconf 88' lang='lat' dir='ltr'><strong>dilectione</strong></span> 
     </span>
    </p>
   </div>
   <div class='ocr_carea' id='block_1_21' title="bbox 442 4741 1662 4834">
    <p class='ocr_par' dir='ltr' id='par_1_21' title="bbox 442 4741 1662 4834">
     <span class='ocr_line' id='line_1_41' title="bbox 442 4741 1662 4834; baseline -0.002 -29"><span class='ocrx_word' id='word_1_374' title='bbox 442 4741 585 4834; x_wconf 46' lang='lat' dir='ltr'><strong>{Jffiffffi</strong></span> <span class='ocrx_word' id='word_1_375' title='bbox 610 4763 740 4818; x_wconf 71' lang='lat' dir='ltr'><strong>personae</strong></span> <span class='ocrx_word' id='word_1_376' title='bbox 765 4746 875 4800; x_wconf 90' lang='lat' dir='ltr'><strong>domini</strong></span> <span class='ocrx_word' id='word_1_377' title='bbox 895 4747 1116 4802; x_wconf 85' lang='lat' dir='ltr'><strong>Cantuaricnsis</strong></span> <span class='ocrx_word' id='word_1_378' title='bbox 1136 4766 1252 4820; x_wconf 87' lang='lat' dir='ltr'><strong>semper</strong></span> <span class='ocrx_word' id='word_1_379' title='bbox 1271 4751 1411 4820; x_wconf 70' lang='lat' dir='ltr'><strong>praeferre</strong></span> <span class='ocrx_word' id='word_1_380' title='bbox 1438 4749 1576 4814; x_wconf 86' lang='lat' dir='ltr'><strong>volebat;</strong></span> <span class='ocrx_word' id='word_1_381' title='bbox 1608 4767 1662 4804; x_wconf 87' lang='lat' dir='ltr'><strong>nee</strong></span> 
     </span>
    </p>
   </div>
   <div class='ocr_carea' id='block_1_22' title="bbox 441 4831 1757 5155">
    <p class='ocr_par' dir='ltr' id='par_1_22' title="bbox 441 4831 1757 5155">
     <span class='ocr_line' id='line_1_42' title="bbox 444 4831 1662 4905; baseline 0.002 -21"><span class='ocrx_word' id='word_1_382' title='bbox 444 4841 593 4904; x_wconf 52' lang='lat' dir='ltr'><strong>¹trigonam</strong></span> <span class='ocrx_word' id='word_1_383' title='bbox 610 4849 643 4886; x_wconf 87' lang='lat' dir='ltr'><strong>oo</strong></span> <span class='ocrx_word' id='word_1_384' title='bbox 656 4832 773 4886; x_wconf 88' lang='lat' dir='ltr'><strong>vivente</strong></span> <span class='ocrx_word' id='word_1_385' title='bbox 792 4849 844 4886; x_wconf 90' lang='lat' dir='ltr'><strong>suo</strong></span> <span class='ocrx_word' id='word_1_386' title='bbox 859 4831 928 4899; x_wconf 89' lang='lat' dir='ltr'><strong>jure</strong></span> <span class='ocrx_word' id='word_1_387' title='bbox 947 4831 1180 4888; x_wconf 86' lang='lat' dir='ltr'><strong>defraudaretur.</strong></span> <span class='ocrx_word' id='word_1_388' title='bbox 1221 4834 1254 4889; x_wconf 86' lang='lat' dir='ltr'><strong>Si</strong></span> <span class='ocrx_word' id='word_1_389' title='bbox 1280 4835 1352 4905; x_wconf 91' lang='lat' dir='ltr'><strong>quid</strong></span> <span class='ocrx_word' id='word_1_390' title='bbox 1375 4852 1446 4890; x_wconf 90' lang='lat' dir='ltr'><strong>vero</strong></span> <span class='ocrx_word' id='word_1_391' title='bbox 1464 4834 1595 4888; x_wconf 86' lang='lat' dir='ltr'><strong>rancoris</strong></span> <span class='ocrx_word' id='word_1_392' title='bbox 1614 4834 1662 4889; x_wconf 87' lang='lat' dir='ltr'><strong>vel</strong></span> 
     </span>
     <span class='ocr_line' id='line_1_43' title="bbox 441 4893 1662 4986; baseline 0.002 -17"><span class='ocrx_word' id='word_1_393' title='bbox 441 4893 558 4986; x_wconf 48' lang='lat' dir='ltr'><strong>{mg}</strong></span> <span class='ocrx_word' id='word_1_394' title='bbox 610 4915 823 4980; x_wconf 88' lang='lat' dir='ltr'><strong>amaritudinis,</strong></span> <span class='ocrx_word' id='word_1_395' title='bbox 850 4915 887 4969; x_wconf 91' lang='lat' dir='ltr'><strong>ob</strong></span> <span class='ocrx_word' id='word_1_396' title='bbox 910 4915 1040 4969; x_wconf 88' lang='lat' dir='ltr'><strong>favorem</strong></span> <span class='ocrx_word' id='word_1_397' title='bbox 1071 4916 1231 4986; x_wconf 88' lang='lat' dir='ltr'><strong>cujuslibet</strong></span> <span class='ocrx_word' id='word_1_398' title='bbox 1254 4926 1305 4973; x_wconf 85' lang='lat' dir='ltr'><strong>aut</strong></span> <span class='ocrx_word' id='word_1_399' title='bbox 1329 4919 1560 4984; x_wconf 85' lang='lat' dir='ltr'><strong>incitamentum,</strong></span> <span class='ocrx_word' id='word_1_400' title='bbox 1579 4918 1662 4974; x_wconf 86' lang='lat' dir='ltr'><strong>visus</strong></span> 
     </span>
     <span class='ocr_line' id='line_1_44' title="bbox 443 4993 1664 5093; baseline 0.003 -40"><span class='ocrx_word' id='word_1_401' title='bbox 443 4993 581 5093; x_wconf 55' lang='lat' dir='ltr'><strong>{ffiffiss</strong></span> <span class='ocrx_word' id='word_1_402' title='bbox 610 5006 656 5054; x_wconf 91' lang='lat' dir='ltr'><strong>est</strong></span> <span class='ocrx_word' id='word_1_403' title='bbox 679 5001 710 5054; x_wconf 91' lang='lat' dir='ltr'><strong>in</strong></span> <span class='ocrx_word' id='word_1_404' title='bbox 728 5018 780 5054; x_wconf 86' lang='lat' dir='ltr'><strong>nos</strong></span> <span class='ocrx_word' id='word_1_405' title='bbox 807 5000 878 5055; x_wconf 89' lang='lat' dir='ltr'><strong>clim</strong></span> <span class='ocrx_word' id='word_1_406' title='bbox 904 5000 1081 5070; x_wconf 85' lang='lat' dir='ltr'><strong>concepisse,</strong></span> <span class='ocrx_word' id='word_1_407' title='bbox 1101 5001 1194 5056; x_wconf 92' lang='lat' dir='ltr'><strong>honor</strong></span> <span class='ocrx_word' id='word_1_408' title='bbox 1221 5008 1320 5056; x_wconf 89' lang='lat' dir='ltr'><strong>tantus</strong></span> <span class='ocrx_word' id='word_1_409' title='bbox 1348 5003 1475 5057; x_wconf 87' lang='lat' dir='ltr'><strong>mutabit</strong></span> <span class='ocrx_word' id='word_1_410' title='bbox 1501 5020 1608 5067; x_wconf 89' lang='lat' dir='ltr'><strong>mores,</strong></span> <span class='ocrx_word' id='word_1_411' title='bbox 1634 5009 1664 5057; x_wconf 91' lang='lat' dir='ltr'><strong>et</strong></span> 
     </span>
     <span class='ocr_line' id='line_1_45' title="bbox 443 5084 1757 5155; baseline 0.005 -19"><span class='ocrx_word' id='word_1_412' title='bbox 443 5094 585 5144; x_wconf 69' lang='lat' dir='ltr'><strong>soorrbegot</strong></span> <span class='ocrx_word' id='word_1_413' title='bbox 611 5085 669 5138; x_wconf 89' lang='lat' dir='ltr'><strong>erit</strong></span> <span class='ocrx_word' id='word_1_414' title='bbox 687 5085 811 5139; x_wconf 87' lang='lat' dir='ltr'><strong>mutatio</strong></span> <span class='ocrx_word' id='word_1_415' title='bbox 831 5085 941 5138; x_wconf 84' lang='lat' dir='ltr'><strong>dextrae</strong></span> <span class='ocrx_word' id='word_1_416' title='bbox 959 5084 1079 5150; x_wconf 83' lang='lat' dir='ltr'><strong>excelsi,</strong></span> <span class='ocrx_word' id='word_1_417' title='bbox 1100 5104 1166 5155; x_wconf 79' lang='lat' dir='ltr'><strong>quar</strong></span> <span class='ocrx_word' id='word_1_418' title='bbox 1186 5093 1336 5141; x_wconf 86' lang='lat' dir='ltr'><strong>convertet</strong></span> <span class='ocrx_word' id='word_1_419' title='bbox 1353 5086 1452 5142; x_wconf 72' lang='lat' dir='ltr'><strong>viruit</strong></span> <span class='ocrx_word' id='word_1_420' title='bbox 1470 5087 1501 5141; x_wconf 90' lang='lat' dir='ltr'><strong>in</strong></span> <span class='ocrx_word' id='word_1_421' title='bbox 1519 5087 1662 5143; x_wconf 90' lang='lat' dir='ltr'><strong>divinum.</strong></span> <span class='ocrx_word' id='word_1_422' title='bbox 1673 5099 1757 5144; x_wconf 78' lang='lat' dir='ltr'><strong>Palm</strong></span> 
     </span>
    </p>
   </div>
   <div class='ocr_carea' id='block_1_23' title="bbox 443 5157 1664 5242">
    <p class='ocr_par' dir='ltr' id='par_1_23' title="bbox 443 5157 1664 5242">
     <span class='ocr_line' id='line_1_46' title="bbox 443 5157 1664 5242; baseline 0.004 -21"><span class='ocrx_word' id='word_1_423' title='bbox 443 5157 502 5187; x_wconf 58' lang='lat' dir='ltr'><strong>W·</strong></span> <span class='ocrx_word' id='word_1_424' title='bbox 611 5167 809 5222; x_wconf 74' lang='lat' dir='ltr'><strong>consolamini</strong></span> <span class='ocrx_word' id='word_1_425' title='bbox 828 5186 899 5238; x_wconf 87' lang='lat' dir='ltr'><strong>ergo</strong></span> <span class='ocrx_word' id='word_1_426' title='bbox 925 5174 956 5224; x_wconf 89' lang='lat' dir='ltr'><strong>ct</strong></span> <span class='ocrx_word' id='word_1_427' title='bbox 979 5169 1069 5224; x_wconf 90' lang='lat' dir='ltr'><strong>nolite</strong></span> <span class='ocrx_word' id='word_1_428' title='bbox 1088 5169 1203 5236; x_wconf 87' lang='lat' dir='ltr'><strong>timore,</strong></span> <span class='ocrx_word' id='word_1_429' title='bbox 1224 5170 1362 5242; x_wconf 74' lang='lat' dir='ltr'><strong>quomam</strong></span> <span class='ocrx_word' id='word_1_430' title='bbox 1380 5172 1437 5226; x_wconf 82' lang='lat' dir='ltr'><strong>etsi</strong></span> <span class='ocrx_word' id='word_1_431' title='bbox 1455 5170 1608 5227; x_wconf 81' lang='lat' dir='ltr'><strong>differatur</strong></span> <span class='ocrx_word' id='word_1_432' title='bbox 1626 5170 1664 5226; x_wconf 89' lang='lat' dir='ltr'><strong>ad</strong></span> 
     </span>
    </p>
   </div>
   <div class='ocr_carea' id='block_1_24' title="bbox 0 0 2106 6388">
    <p class='ocr_par' dir='ltr' id='par_1_24' title="bbox 0 0 2106 6388">
     <span class='ocr_line' id='line_1_47' title="bbox 0 0 2106 6388; baseline 0 0"><span class='ocrx_word' id='word_1_433' title='bbox 0 0 2106 6388; x_wconf 95' lang='lat' dir='ltr'><strong> </strong></span> 
     </span>
    </p>
   </div>
  </div>
 </body>
</html>
