4192 6392
599 1205 664 1271 342
881 1212 1053 1265 nrmsonn
1075 1208 1365 1272 carnutensem,

451 1499 505 1542 an.
514 1501 571 1542 1191.
692 1490 877 1547 CCCLXVI.
915 1489 1100 1545 Reersannus
1118 1488 1331 1543 Bienorunuus
1350 1499 1496 1541 nrrscerus
1514 1500 1551 1540 nn

480 1548 544 1600 ΝΥ·
825 1575 974 1629 Rsmnnss
992 1591 1027 1628 nr
1045 1589 1082 1628 nn
1100 1573 1253 1628 Wsnrnnu
1272 1585 1438 1625 maurinus,

435 1709 574 1760 metator>
639 1701 864 1757 Venerabilibns
882 1701 955 1756 viris
974 1707 1004 1756 et
1027 1700 1130 1755 amicis
1156 1700 1187 1754 in
1205 1698 1324 1754 Christo
1342 1695 1512 1758 carissimis,
1532 1693 1655 1764 Hugoni

435 1761 581 1854 ffifflffi,
605 1786 641 1840 ee
654 1785 813 1857 seiuges,
838 1793 869 1840 et
891 1783 966 1854 [vv]
981 1784 1188 1846 severinam,
1211 1782 1311 1836 arvina
1330 1778 1523 1852 permissione
1545 1777 1657 1831 maari-

435 1862 554 1954 ssffiffl
606 1871 671 1935 bus,
692 1870 885 1942 Reginaldus,
911 1869 1012 1923 divina
1040 1868 1228 1923 miseratione
1252 1864 1458 1921 Bathoniensis
1489 1863 1654 1933 episcopus,

437 1962 565 2006 mehed-
606 1954 865 2009 saluteminVero
879 1953 1018 2008 Salutari.
1057 1951 1157 2007 Variis
1175 1949 1329 2022 praepediti
1342 1948 1478 2019 negotiis,
1493 1945 1656 2018 cognitioni

436 2012 581 2106 ffi'fflff
606 2056 702 2093 eausae
720 2039 802 2093 vobis
821 2045 851 2094 et
868 2038 951 2093 nobis
970 2055 988 2093 a
1006 2037 1123 2092 domino
1142 2036 1301 2092 Coelestino
1325 2052 1402 2106 papa
1419 2033 1571 2103 delegatae,
1592 2048 1657 2101 quae

454 2115 585 2206 ma,
606 2123 732 2185 vertitur
764 2123 842 2177 inter
873 2123 1030 2177 monachos
1062 2128 1169 2176 sancta
1209 2118 1428 2175 cantuariensis
1464 2116 1596 2172 ecelesiae
1628 2120 1659 2170 et

437 2214 457 2256 Λ
537 2218 568 2263 11,
608 2206 730 2261 elericos
749 2206 913 2262 Baldevrini
925 2208 1007 2261 bonae
1026 2206 1176 2260 memoriae
1196 2203 1414 2259 cantuariensis
1433 2199 1657 2272 archiepiscopi,

437 2263 557 2356 ξωξῗο
607 2291 783 2361 magistrum
801 2292 841 2345 H.
868 2291 904 2344 de
928 2288 1153 2353 Norhamtnne,¹
1179 2295 1209 2342 et
1231 2288 1408 2359 magistrum
1428 2286 1463 2341 R.
1489 2285 1526 2339 de
1552 2285 1658 2340 Sancto

437 2364 569 2467 mn?
606 2373 733 2429 Martino
751 2381 781 2429 et
804 2381 934 2440 caeteros,
954 2376 987 2429 in
1004 2374 1133 2429 erastino
1160 2372 1238 2426 beati
1256 2372 1407 2426 Laurentii
1433 2370 1510 2442 apud
1528 2369 1659 2423 Wiudle·

439 2446 569 2508 deuoret?
607 2458 733 2524 shoram,
761 2460 904 2515 interesse
929 2478 987 2514 non
1017 2476 1183 2529 possumne.
1229 2455 1314 2510 Unde
1337 2455 1421 2511 vobis
1446 2454 1658 2526 significamus,

438 2516 588 2610 ffffimd
607 2543 684 2614 qnod
714 2544 827 2598 ratione
858 2543 997 2598 absentiae
1028 2548 1145 2605 nostrae,
1178 2540 1340 2595 seeundum
1371 2538 1448 2611 qnod
1474 2538 1553 2610 juris
1582 2538 1659 2592 ratio

438 2615 532 2661 ΜΕ
607 2627 771 2692 dictaverit,
793 2645 828 2681 ea
851 2627 899 2680 die
925 2627 956 2681 in
982 2644 1072 2681 causa
1095 2625 1285 2679 nihilominus
1313 2623 1486 2695 procedatis.
1535 2623 1659 2678 Gratum

606 2711 686 2766 enim
715 2716 745 2767 et
773 2717 871 2766 retum
896 2710 1078 2773 habebimus,
1099 2709 1241 2780 quicquid
1267 2726 1355 2780 super
1381 2713 1542 2762 memorata
1571 2724 1660 2762 causa

606 2796 702 2852 facere
721 2795 921 2861 decreveritis,
941 2800 1094 2850 reservata
1110 2794 1221 2865 pariter
1239 2793 1322 2849 vobis
1342 2800 1372 2848 et
1398 2793 1480 2848 nobis
1505 2792 1661 2847 diffinitiva

608 2881 761 2938 sententia.
798 2880 913 2936 Valete.

433 3194 435 3197 .
463 3149 582 3206 sumta
675 3135 877 3195 eeotxvss.
916 3136 1092 3192 Wmnnanee
1111 3136 1245 3191 Eatenus
1263 3151 1409 3192 nemeseus
1428 3136 1594 3192 Conversus

1024 3222 1247 3276 Gaurummusr.

441 3368 566 3412 rhochas·
645 3355 822 3420 Willelmns,
849 3355 906 3408 Dei
933 3355 1039 3425 grstia,
1060 3354 1189 3409 Eliensis
1215 3355 1368 3426 episeopus
1396 3361 1426 3409 et
1450 3354 1562 3410 domini
1579 3356 1660 3425 regis

441 3420 563 3513 ffigss‘tfiff'
610 3441 811 3505 cancellarius,
822 3439 914 3511 priori
928 3446 958 3493 et
970 3439 1124 3494 conventui
1138 3438 1251 3494 Sanctae
1263 3440 1415 3495 Trinitatis
1430 3440 1658 3504 Cantuariensis,

441 3521 574 3613 Igssvfez'tlffo
611 3525 746 3579 salutem.
784 3524 962 3579 Audivimus
981 3524 1060 3594 quod
1084 3525 1252 3578 incensam
1278 3525 1395 3579 trahitis
1421 3526 1595 3595 magistrum
1619 3524 1658 3578 Η.

443 3622 525 3664 molest
535 3622 565 3662 Η.
612 3608 647 3661 de
666 3609 867 3663 Norhamtunc
886 3616 915 3663 et
933 3609 1110 3678 magistrum
1123 3608 1158 3661 R.
1179 3609 1215 3661 de
1236 3609 1340 3663 Sancto
1352 3610 1479 3664 Martino
1492 3617 1521 3663 et
1539 3610 1660 3663 clericos

443 3671 593 3772 ffiffffilss'ffl
612 3692 694 3754 ahoe,
727 3711 815 3762 super
847 3693 978 3747 ecclesiis
1009 3701 1038 3746 et
1068 3693 1216 3747 beneficiis
1249 3695 1309 3748 suis
1345 3695 1563 3758 ecclesiasticis,
1596 3713 1661 3764 quin

443 3772 564 3865 fflfflffi
611 3775 719 3829 habent
737 3777 772 3829 de
799 3776 952 3830 donatione
972 3776 1134 3830 Baldevvini
1159 3778 1241 3831 boner
1267 3779 1415 3833 memoriae
1441 3779 1661 3833 Ceutuuriensis

444 3874 579 3934 turpescas-g
612 3859 832 3930 archiepiscopi¹
865 3861 944 3915 Hinc
967 3867 1012 3915 est
1035 3861 1111 3932 quod
1124 3863 1206 3916 vobis
1228 3863 1409 3927 mandamus,
1431 3864 1613 3918 consulentes
1633 3871 1663 3917 et

444 3925 594 4018 {ffissflgffl
612 3943 809 4013 prohibentes,
824 3963 860 3997 uc
874 3945 1011 4015 prefatos
1030 3946 1151 4000 elericos
1172 3965 1258 4017 super
1271 3948 1417 4017 praedictis
1437 3949 1596 4002 molestetis
1615 3947 1662 4002 vei

613 4029 753 4098 gravetis,
792 4027 884 4083 donee
920 4029 1184 4100 archiepiscopatui
1224 4031 1427 4087 Cantuariensi
1462 4033 1661 4102 provideatur.

612 4111 680 4166 Non
704 4113 781 4166 enim
808 4132 974 4184 possumne,
994 4132 1047 4169 nee
1074 4114 1223 4179 debemus,
1244 4117 1388 4171 sustinere
1415 4117 1492 4186 quod
1519 4118 1661 4188 arehiepi-

613 4207 748 4267 scopatus
769 4198 988 4253 Cantuariensis
1008 4200 1038 4253 in
1058 4200 1148 4255 alium
1167 4207 1275 4255 statum
1294 4201 1404 4255 ineidat
1423 4220 1509 4272 quam
1535 4202 1592 4256 fuit
1616 4202 1664 4256 die

613 4299 672 4353 qua
701 4282 851 4338 deveniret
881 4285 912 4337 in
942 4302 1045 4339 manus
1077 4284 1187 4338 domini
1217 4285 1306 4354 regis,
1340 4286 1480 4356 quamdiu
1513 4287 1603 4341 fuerit
1634 4287 1664 4340 iu

612 4368 745 4423 custodia
770 4369 833 4438 ejus
860 4374 890 4422 et
913 4375 1021 4422 nostre.
1073 4369 1159 4423 Teste
1184 4369 1310 4423 Radult'e
1341 4370 1544 4424 archidiacono
1570 4371 1664 4426 Here·

615 4452 716 4507 sordine
735 4453 812 4524 apud
830 4452 948 4506 Turrim
967 4451 1133 4518 Londoniae,
1155 4454 1281 4507 secundo
1299 4453 1346 4507 dio
1365 4453 1503 4524 Augusti.

647 4676 652 4703 ¹
672 4676 761 4739 Henry
778 4677 808 4725 of
823 4676 1016 4740 Northampton,
1034 4693 1113 4727 canon
1136 4694 1138 4757 ⁴
1165 4676 1336 4740 nrchbishop’s
1354 4677 1469 4726 nominee
1489 4685 1514 4727 to
1532 4677 1664 4732 Monkton.

613 4757 643 4804 os
668 4756 693 4806 S.
718 4756 804 4804 Paul's
838 4757 888 4804 and
910 4757 1066 4820 prebendary
1089 4758 1138 4818 ofj
1165 4757 1248 4819 Ralph
1268 4759 1298 4806 de
1316 4759 1341 4806 S.
1355 4757 1459 4814 Martin,
1477 4775 1492 4806 a
1510 4758 1625 4808 minister
1643 4760 1672 4807 of

613 4835 722 4884 Kentish
735 4835 825 4893 Tovn,
839 4841 993 4896 1181-1192,
1005 4837 1115 4886 founded
1136 4841 1138 4936 t
1164 4836 1254 4900 Henry
1266 4837 1311 4895 11,,
1326 4845 1446 4886 accounts
1464 4838 1504 4885 sor
1524 4838 1566 4887 the
1584 4854 1625 4888 see
1643 4838 1672 4885 of

613 4914 655 4962 the
681 4914 798 4977 Hospital
822 4915 851 4963 of
887 4915 913 4965 S.
937 4916 1008 4964 Paul.
1042 4915 1114 4965 Mon.
1166 4917 1577 4978 Sarum‚3111en.II.:andwas
1595 4918 1667 4967 talla-

614 4996 748 5060 An91.,vi.
773 5000 837 5054 7673
856 4998 999 5055 Nevcourt,
1019 4997 1034 5046 i.
1059 5004 1114 5057 leo,
1135 4979 1138 5063 i
1165 4995 1528 5060 gerofSurrey‚10Rich.I.
1564 4998 1668 5047 Ilevras

615 5080 671 5132 212,
692 5078 748 5125 705.
784 5076 831 5125 See
851 5076 904 5125 also
926 5077 990 5140 Pipe
1012 5077 1071 5126 Roll
1089 5079 1118 5126 of
1135 5069 1137 5122 i
1165 5076 1315 5140 archbishop
1339 5077 1479 5126 Baldvvin’s
1503 5078 1618 5128 nominee
1643 5086 1668 5128 to

614 5152 727 5203 Richard
744 5155 775 5214 1.‚
793 5160 832 5213 69,
854 5161 907 5205 194.
941 5156 982 5205 He
1003 5173 1054 5206 was
1072 5157 1114 5207 the
1134 5152 1137 5216 i
1167 5155 1209 5205 the
1223 5155 1318 5205 church
1331 5157 1360 5205 of
1369 5156 1467 5220 Eastrp'¹
