4192 6392
610 1178 674 1240 :te-l
891 1190 1061 1239 sermons
1082 1189 1372 1248 carrunmansss,

459 1441 581 1487 1111111.
770 1430 900 1486 ccclx.
938 1430 996 1486 Suo
1014 1446 1102 1485 inico
1121 1447 1188 1486 saus
1206 1447 1314 1485 eremis
1332 1447 1366 1485 ar
1385 1446 1499 1485 iniens.

442 1550 579 1604 An0einiou
644 1549 789 1603 Exceutor
815 1550 939 1603 sormam
964 1557 994 1603 et
1019 1549 1138 1604 modum
1163 1550 1292 1605 mandati
1320 1568 1375 1604 non
1401 1549 1490 1603 habet
1507 1547 1654 1602 excedere.

441 1602 537 1713 &iii
537 1616 564 1696 31
609 1632 693 1701 Quod
705 1633 783 1687 enim
802 1650 885 1687 secus
904 1640 1001 1688 aetum
1019 1634 1117 1698 fuerit,
1138 1652 1195 1688 uon
1213 1641 1335 1689 teneret.
1374 1632 1499 1687 Proinde
1518 1631 1658 1686 indubiis

442 1702 569 1806 ἓξὲξ
609 1723 719 1772 certam
737 1717 807 1771 dare
826 1718 1000 1772 sententiam
1018 1737 1075 1773 non
1100 1726 1197 1790 potest
1215 1719 1360 1790 compelli,
1382 1716 1528 1787 siquidem
1552 1715 1658 1770 incerti

609 1801 811 1872 interpretatio
828 1801 991 1856 mundantis
1010 1804 1132 1874 respicit
1160 1803 1199 1857 ad
1220 1803 1383 1857 arbitrium.
1422 1802 1459 1854 ln
1479 1801 1535 1855 hoo
1560 1806 1657 1854 tamen

609 1904 688 1951 casu,
709 1886 734 1940 si
752 1886 910 1956 placuisset
926 1887 964 1940 iis
983 1887 1089 1957 quibus
1108 1886 1308 1950 demandatur,
1330 1887 1392 1940 sino
1410 1885 1542 1956 periculo
1561 1889 1659 1954 posset

467 1982 567 2028 foder.
610 1974 734 2028 ulterius
761 1973 889 2044 procedi,
911 1974 969 2028 nisi
998 1975 1110 2029 crimen
1135 1981 1196 2029 tem
1221 1974 1376 2037 notorium,
1397 1991 1455 2044 quo
1485 1971 1658 2026 detestabile

609 2080 677 2116 suos
704 2067 836 2116 auctores
862 2061 959 2132 palam
987 2061 1101 2133 detegit
1124 2069 1154 2116 et
1178 2063 1277 2133 prodit
1300 2061 1481 2125 nominatim,
1510 2060 1658 2131 praecipue

609 2164 676 2200 oum
694 2146 750 2216 ipsi
769 2146 813 2200 rei
831 2153 898 2216 post
916 2146 1007 2200 latam
1026 2147 1200 2201 sententiam
1218 2145 1375 2202 damnetae¹
1397 2145 1594 2200 irreverenter
1617 2143 1658 2198 in·

608 2231 749 2286 cumbunt
759 2229 915 2286 violentie).
953 2229 1014 2284 Sub
1029 2230 1106 2302 legis
1119 2231 1197 2284 enim
1215 2231 1318 2286 umbra
1328 2230 1444 2285 latitius
1456 2247 1515 2283 non
1525 2234 1656 2300 possunt,

608 2316 660 2387 qui
685 2316 716 2369 in
745 2314 866 2370 crimine
896 2314 1024 2369 admisso
1055 2334 1141 2370 suum
1171 2322 1307 2385 proterve
1333 2314 1492 2369 defendunt
1516 2331 1656 2368 errorem.

607 2401 730 2454 Terrore
748 2406 844 2454 tamen
862 2399 988 2471 publicae
1005 2400 1158 2470 potestatis
1177 2401 1355 2463 imminente,
1375 2399 1422 2454 his
1435 2398 1658 2454 dissimulantur

607 2483 788 2555 diebusque:
805 2484 991 2538 manifestam
1009 2485 1039 2537 in
1058 2502 1089 2538 se
1108 2485 1255 2539 continent
1272 2483 1492 2539 immanitatem.
1531 2482 1658 2537 Proinde

440 2578 470 2621 ln
478 2579 543 2623 these
606 2568 655 2623 vix
668 2568 697 2622 in
710 2569 833 2623 ecelesia
844 2567 899 2621 Dei
911 2567 1045 2622 consistit
1057 2569 1191 2623 columna
1203 2586 1291 2639 quem
1303 2586 1360 2623 non
1378 2567 1532 2631 concutiat,
1546 2567 1658 2621 utinam

440 2631 594 2736 ffibffifdly
606 2671 664 2707 non
676 2652 851 2723 confringat,
865 2651 954 2722 hujus
972 2653 1156 2723 tempestatis
1174 2652 1316 2707 terribilis
1335 2651 1536 2723 perturbatio:
1558 2650 1610 2706 sed
1628 2658 1659 2705 et

439 2741 588 2827 &lm
605 2738 686 2792 illius
705 2737 753 2792 cui
771 2743 901 2792 vestrum
928 2735 1036 2792 dicitur
1063 2737 1204 2792 committi
1231 2737 1381 2807 negotium
1401 2735 1595 2790 formidabilis
1614 2741 1659 2791 est

439 2818 580 2886 tholegate’
606 2822 780 2878 adventatio.
830 2822 931 2877 Solent
948 2822 1027 2876 euim
1056 2821 1225 2891 hujusmodi
1255 2821 1291 2875 ad
1321 2821 1440 2876 odorem
1469 2820 1545 2874 lueri
1572 2837 1658 2874 nares

438 2883 540 2987 lffiffl
605 2906 712 2961 habere
738 2907 870 2961 infectas.
909 2905 980 2974 Quae
1005 2924 1076 2960 vero
1103 2906 1144 2961 sit
1169 2923 1302 2977 persona,
1330 2905 1377 2958 vel
1397 2903 1493 2975 qualis
1521 2903 1549 2957 ei
1568 2904 1658 2959 luerit

437 2983 566 3080 {2252ss
605 2991 717 3046 eredita
746 2990 933 3061 dispensatim
962 3008 1050 3061 quam
1079 2990 1166 3045 citius
1192 2991 1256 3044 fieri
1286 2996 1394 3060 posset,
1423 2987 1575 3059 expediret
1604 3005 1656 3043 nos

437 3084 575 3190 hmonp‘gnpnevre
604 3075 765 3130 certiorari.
816 3075 843 3128 Ii
880 3074 1025 3146 siquidem
1057 3074 1108 3146 qui
1138 3075 1267 3130 militant
1296 3093 1330 3127 cx
1361 3073 1492 3138 adverso,
1525 3073 1562 3127 ab
1592 3072 1656 3145 ejus

437 3183 546 3237 mun,
604 3159 730 3215 adventu
756 3160 819 3231 jum
850 3158 906 3214 sibi
936 3158 1075 3214 videntur
1104 3158 1134 3213 in
1164 3166 1252 3230 portu
1282 3158 1430 3228 navigare.
1482 3157 1529 3210 lbi
1556 3163 1654 3211 tamon

436 3235 544 3284 ‘⁰⁰¹¹d0d·
603 3244 729 3301 incautis
761 3244 812 3315 qui
839 3243 876 3298 de
907 3262 960 3298 sua
985 3244 1073 3298 nimis
1103 3249 1285 3314 praesumunt
1311 3243 1463 3306 industria,
1494 3241 1599 3296 fortius
1627 3249 1656 3295 ct

603 3329 692 3384 citius
710 3328 839 3385 occurrit
856 3328 1053 3399 naufragium.
1091 3328 1152 3382 Sub
1170 3328 1275 3382 umbra
1293 3327 1405 3381 alarum
1420 3318 1764 3397 81111111111111011-11·ῐῆ11

605 3420 656 3486 gat
672 3433 725 3469 uos
744 3414 824 3468 Deus
843 3431 861 3467 a
879 3414 952 3468 facie
971 3413 1183 3483 persequentia.
1223 3412 1335 3467 Velete.

483 3669 549 3714 After
698 3662 811 3718 CCCX.
851 3661 1000 3716 Jousxxas
1022 3661 1195 3714 Axriaxisus
1215 3677 1247 3713 ar
1267 3676 1388 3714 astasius
1408 3661 1576 3716 Comuntur

469 3720 563 3773 'mim'
1012 3746 1235 3799 Carteienses.

438 3886 567 3936 Thelme„
642 3861 781 3926 Salutem,
801 3870 831 3916 et
858 3862 893 3915 dc
913 3863 1037 3917 adventu
1058 3880 1110 3916 sue
1130 3880 1210 3932 spem
1230 3862 1335 3915 habere
1354 3862 1522 3915 firmiorem.
1563 3864 1653 3917 Devo-

437 3935 576 4031 ffffit‘g‘f
606 3946 714 4000 tionem
738 3954 768 4000 ct
798 3947 999 4007 reverentiam,
1029 3965 1116 4016 quam
1145 3947 1222 4000 circe
1253 3947 1412 4000 Romanam
1442 3948 1596 4001 ecclesium
1626 3954 1654 4001 et

436 4038 474 4079 his
483 4038 531 4098 real
605 4049 758 4101 personum
776 4039 905 4084 nostram
918 4032 1032 4100 geritis,
1047 4031 1084 4084 ad
1103 4031 1187 4101 eujus
1206 4031 1361 4101 diffugium
1381 4037 1410 4085 et
1428 4032 1654 4086 consolationem

437 4089 545 4189 {gviiii
605 4134 656 4186 spe
693 4134 750 4169 non
780 4115 893 4169 modica
931 4115 1010 4168 (lucti
1047 4116 1209 4177 recurritis,
1251 4115 1422 4185 propensius
1460 4116 1651 4179 attendentes,

604 4201 735 4255 ecelesiae
764 4207 870 4254 restrae
900 4199 1029 4254 libertati
1059 4200 1262 4254 conservandae
1299 4199 1421 4270 provida
1457 4201 1653 4255 sollicitudine

603 4285 791 4349 intendimus,
811 4284 975 4354 vestrisque
1003 4285 1191 4355 profectibus,
1213 4284 1356 4354 largiente
1376 4284 1510 4345 Domino,
1537 4303 1653 4355 operam

605 4371 807 4425 exhibebimus
829 4370 982 4423 efficacem.
1021 4369 1096 4422 Sanc
1109 4368 1327 4438 gravaminibus
1345 4377 1374 4422 et
1387 4370 1533 4439 pressuris
1547 4371 1653 4440 quibus

604 4455 801 4509 indesinenter
826 4473 861 4507 cx
887 4454 1053 4508 litterarum
1079 4460 1242 4507 vestrarum
1270 4460 1369 4506 tenore
1389 4471 1439 4507 vos
1459 4453 1652 4524 intelligimus

603 4541 744 4603 laborare,
783 4539 882 4594 debita
917 4538 1098 4609 benignitate
1135 4537 1337 4608 compatimur.
1374 4536 1499 4591 Domine
1537 4556 1653 4610 quoque

599 4625 730 4694 jumento,
750 4625 807 4679 nisi
820 4624 966 4692 malignus
984 4624 1072 4677 homo
1084 4622 1324 4693 impedimentum
1337 4622 1456 4692 aliquod
1468 4622 1652 4693 irrogaverit,

603 4710 633 4761 iu
664 4710 794 4779 proximo
824 4708 954 4762 debitum
984 4709 1070 4760 linem
1101 4707 1248 4777 imponere
1279 4707 1451 4776 cogitamus.
1496 4707 1653 4777 Cupientes

604 4794 697 4863 igitiu·
716 4794 845 4847 laborem
864 4799 994 4846 vestrum
1012 4798 1042 4845 ct
1060 4792 1211 4861 angustias
1224 4792 1254 4845 in
1267 4792 1393 4845 adventu
1406 4798 1505 4846 nostro
1524 4810 1558 4846 ex
1570 4799 1652 4862 parte

604 4878 760 4942 sublevari,
787 4878 900 4932 litteras
926 4887 1039 4930 nostras
1065 4876 1281 4947 archiepiscopo
1308 4876 1528 4940 destinavimus,
1558 4877 1651 4931 dando

638 5075 643 5100 ¹
662 5071 795 5136 ‹Inrnnutn]
817 5072 960 5135 dampnare,
979 5069 1035 5119 MS.
1072 5069 1127 5119 The
1145 5070 1226 5120 whole
1242 5079 1357 5121 sentence
1375 5071 1397 5121 is
1415 5073 1518 5123 obscure
1530 5074 1580 5123 aud
1596 5086 1650 5136 per·

604 5149 666 5215 haps
677 5158 784 5213 corrupt.
