<?xml version="1.0" encoding="UTF-8"?>
<!DOCTYPE html PUBLIC "-//W3C//DTD XHTML 1.0 Transitional//EN"
    "http://www.w3.org/TR/xhtml1/DTD/xhtml1-transitional.dtd">
<html xmlns="http://www.w3.org/1999/xhtml" xml:lang="en" lang="en">
 <head>
  <title>
</title>
<meta http-equiv="Content-Type" content="text/html;charset=utf-8" />
  <meta name='ocr-system' content='tesseract 3.04.00' />
  <meta name='ocr-capabilities' content='ocr_page ocr_carea ocr_par ocr_line ocrx_word'/>
</head>
<body>
  <div class='ocr_page' id='page_1' title='image "./epistolaecantua00stubgoog_0747.png"; bbox 0 0 4192 6392; ppageno 0'>
   <div class='ocr_carea' id='block_1_1' title="bbox 873 1222 1491 1284">
    <p class='ocr_par' dir='ltr' id='par_1_1' title="bbox 873 1222 1491 1284">
     <span class='ocr_line' id='line_1_1' title="bbox 873 1222 1491 1284; baseline 0.005 -3"><span class='ocrx_word' id='word_1_1' title='bbox 873 1233 1058 1282; x_wconf 73' lang='lat' dir='ltr'><strong>sermoni.</strong></span> <span class='ocrx_word' id='word_1_2' title='bbox 1428 1222 1491 1284; x_wconf 74' lang='lat'><strong>545</strong></span> 
     </span>
    </p>
   </div>
   <div class='ocr_carea' id='block_1_2' title="bbox 439 1402 1644 2481">
    <p class='ocr_par' dir='ltr' id='par_1_2' title="bbox 439 1402 1644 1982">
     <span class='ocr_line' id='line_1_2' title="bbox 441 1402 1644 1476; baseline 0.002 -18"><span class='ocrx_word' id='word_1_3' title='bbox 441 1402 569 1458; x_wconf 81' lang='lat' dir='ltr'><strong>Consule</strong></span> <span class='ocrx_word' id='word_1_4' title='bbox 599 1409 697 1457; x_wconf 87' lang='lat' dir='ltr'><strong>autem</strong></span> <span class='ocrx_word' id='word_1_5' title='bbox 727 1408 761 1457; x_wconf 91' lang='lat' dir='ltr'><strong>ut</strong></span> <span class='ocrx_word' id='word_1_6' title='bbox 787 1403 890 1458; x_wconf 87' lang='lat' dir='ltr'><strong>amodo</strong></span> <span class='ocrx_word' id='word_1_7' title='bbox 919 1422 977 1459; x_wconf 92' lang='lat' dir='ltr'><strong>non</strong></span> <span class='ocrx_word' id='word_1_8' title='bbox 1007 1405 1138 1476; x_wconf 87' lang='lat' dir='ltr'>improbe</span> <span class='ocrx_word' id='word_1_9' title='bbox 1162 1406 1267 1476; x_wconf 82' lang='lat' dir='ltr'><strong>agatis,</strong></span> <span class='ocrx_word' id='word_1_10' title='bbox 1295 1406 1348 1460; x_wconf 88' lang='lat' dir='ltr'><strong>sed</strong></span> <span class='ocrx_word' id='word_1_11' title='bbox 1371 1406 1491 1469; x_wconf 83' lang='lat' dir='ltr'><strong>bonum¹</strong></span> <span class='ocrx_word' id='word_1_12' title='bbox 1522 1410 1577 1453; x_wconf 76' lang='lat' dir='ltr'><strong>A-D·</strong></span> <span class='ocrx_word' id='word_1_13' title='bbox 1585 1414 1644 1455; x_wconf 73' lang='lat'>1¹89·</span> 
     </span>
     <span class='ocr_line' id='line_1_3' title="bbox 441 1461 1625 1576; baseline 0.003 -35"><span class='ocrx_word' id='word_1_14' title='bbox 441 1488 519 1558; x_wconf 92' lang='lat' dir='ltr'><strong>quod</strong></span> <span class='ocrx_word' id='word_1_15' title='bbox 535 1494 643 1558; x_wconf 83' lang='lat' dir='ltr'><strong>praesto</strong></span> <span class='ocrx_word' id='word_1_16' title='bbox 661 1493 707 1542; x_wconf 88' lang='lat' dir='ltr'><strong>est</strong></span> <span class='ocrx_word' id='word_1_17' title='bbox 730 1487 788 1541; x_wconf 88' lang='lat' dir='ltr'><strong>nisi</strong></span> <span class='ocrx_word' id='word_1_18' title='bbox 814 1506 866 1559; x_wconf 90' lang='lat' dir='ltr'><strong>per</strong></span> <span class='ocrx_word' id='word_1_19' title='bbox 884 1506 936 1542; x_wconf 87' lang='lat' dir='ltr'><strong>vos</strong></span> <span class='ocrx_word' id='word_1_20' title='bbox 958 1491 1081 1554; x_wconf 86' lang='lat' dir='ltr'><strong>steterit,</strong></span> <span class='ocrx_word' id='word_1_21' title='bbox 1101 1491 1227 1561; x_wconf 81' lang='lat' dir='ltr'><strong>benigne</strong></span> <span class='ocrx_word' id='word_1_22' title='bbox 1252 1492 1413 1561; x_wconf 89' lang='lat' dir='ltr'><strong>recipiatis.</strong></span> <span class='ocrx_word' id='word_1_23' title='bbox 1451 1490 1491 1545; x_wconf 81' lang='lat' dir='ltr'><strong>Et</strong></span> <span class='ocrx_word' id='word_1_24' title='bbox 1505 1461 1625 1576; x_wconf 50' lang='lat' dir='ltr'><strong>uhdyed&#39;rd&#39;</strong></span> 
     </span>
     <span class='ocr_line' id='line_1_4' title="bbox 440 1570 1596 1641; baseline 0.003 -17"><span class='ocrx_word' id='word_1_25' title='bbox 440 1570 560 1641; x_wconf 86' lang='lat' dir='ltr'><strong>quidam</strong></span> <span class='ocrx_word' id='word_1_26' title='bbox 588 1589 623 1624; x_wconf 83' lang='lat' dir='ltr'><strong>ex</strong></span> <span class='ocrx_word' id='word_1_27' title='bbox 652 1572 735 1625; x_wconf 85' lang='lat' dir='ltr'><strong>vobis</strong></span> <span class='ocrx_word' id='word_1_28' title='bbox 766 1571 801 1625; x_wconf 87' lang='lat' dir='ltr'><strong>de</strong></span> <span class='ocrx_word' id='word_1_29' title='bbox 827 1572 997 1628; x_wconf 83' lang='lat' dir='ltr'><strong>melioribus</strong></span> <span class='ocrx_word' id='word_1_30' title='bbox 1023 1579 1053 1628; x_wconf 88' lang='lat' dir='ltr'><strong>et</strong></span> <span class='ocrx_word' id='word_1_31' title='bbox 1077 1575 1297 1630; x_wconf 81' lang='lat' dir='ltr'><strong>discretioribus</strong></span> <span class='ocrx_word' id='word_1_32' title='bbox 1330 1581 1491 1630; x_wconf 88' lang='lat' dir='ltr'><strong>conventus</strong></span> <span class='ocrx_word' id='word_1_33' title='bbox 1504 1575 1596 1636; x_wconf 65' lang='lat' dir='ltr'><strong>1⁰⁸⁰¹¹Jl</strong></span> 
     </span>
     <span class='ocr_line' id='line_1_5' title="bbox 440 1625 1613 1731; baseline 0.008 -22"><span class='ocrx_word' id='word_1_34' title='bbox 440 1655 542 1718; x_wconf 86' lang='lat' dir='ltr'><strong>vestri,</strong></span> <span class='ocrx_word' id='word_1_35' title='bbox 569 1673 642 1725; x_wconf 87' lang='lat' dir='ltr'><strong>quos</strong></span> <span class='ocrx_word' id='word_1_36' title='bbox 658 1656 800 1725; x_wconf 65' lang='lat' dir='ltr'><strong>,praedioti</strong></span> <span class='ocrx_word' id='word_1_37' title='bbox 826 1657 884 1710; x_wconf 86' lang='lat' dir='ltr'><strong>viri</strong></span> <span class='ocrx_word' id='word_1_38' title='bbox 904 1656 941 1710; x_wconf 86' lang='lat' dir='ltr'><strong>ad</strong></span> <span class='ocrx_word' id='word_1_39' title='bbox 967 1675 1013 1711; x_wconf 93' lang='lat' dir='ltr'><strong>me</strong></span> <span class='ocrx_word' id='word_1_40' title='bbox 1038 1666 1176 1713; x_wconf 85' lang='lat' dir='ltr'><strong>venturos</strong></span> <span class='ocrx_word' id='word_1_41' title='bbox 1196 1660 1350 1731; x_wconf 82' lang='lat' dir='ltr'><strong>elegerint,</strong></span> <span class='ocrx_word' id='word_1_42' title='bbox 1369 1660 1490 1713; x_wconf 86' lang='lat' dir='ltr'><strong>veniant</strong></span> <span class='ocrx_word' id='word_1_43' title='bbox 1504 1625 1613 1718; x_wconf 57' lang='lat' dir='ltr'><strong>ddidtdifl</strong></span> 
     </span>
     <span class='ocr_line' id='line_1_6' title="bbox 440 1728 1632 1819; baseline 0.006 -27"><span class='ocrx_word' id='word_1_44' title='bbox 440 1740 628 1794; x_wconf 86' lang='lat' dir='ltr'><strong>admocum</strong></span> <span class='ocrx_word' id='word_1_45' title='bbox 654 1739 802 1809; x_wconf 86' lang='lat' dir='ltr'><strong>praedictis</strong></span> <span class='ocrx_word' id='word_1_46' title='bbox 829 1740 972 1811; x_wconf 88' lang='lat' dir='ltr'><strong>episeopis</strong></span> <span class='ocrx_word' id='word_1_47' title='bbox 998 1748 1028 1796; x_wconf 86' lang='lat' dir='ltr'><strong>et</strong></span> <span class='ocrx_word' id='word_1_48' title='bbox 1053 1742 1199 1798; x_wconf 86' lang='lat' dir='ltr'><strong>Randulfo</strong></span> <span class='ocrx_word' id='word_1_49' title='bbox 1225 1744 1261 1798; x_wconf 94' lang='lat' dir='ltr'><strong>de</strong></span> <span class='ocrx_word' id='word_1_50' title='bbox 1281 1743 1439 1806; x_wconf 86' lang='lat' dir='ltr'><strong>Glanvilla‚</strong></span> <span class='ocrx_word' id='word_1_51' title='bbox 1461 1749 1491 1798; x_wconf 88' lang='lat' dir='ltr'><strong>et</strong></span> <span class='ocrx_word' id='word_1_52' title='bbox 1504 1728 1632 1819; x_wconf 53' lang='lat' dir='ltr'><strong>{ffissssw</strong></span> 
     </span>
     <span class='ocr_line' id='line_1_7' title="bbox 439 1823 1578 1898; baseline 0 -20"><span class='ocrx_word' id='word_1_53' title='bbox 439 1823 506 1878; x_wconf 86' lang='lat' dir='ltr'><strong>aliis</strong></span> <span class='ocrx_word' id='word_1_54' title='bbox 526 1824 576 1893; x_wconf 88' lang='lat' dir='ltr'><strong>qui</strong></span> <span class='ocrx_word' id='word_1_55' title='bbox 600 1823 637 1876; x_wconf 90' lang='lat' dir='ltr'><strong>ad</strong></span> <span class='ocrx_word' id='word_1_56' title='bbox 664 1841 715 1877; x_wconf 89' lang='lat' dir='ltr'><strong>nos</strong></span> <span class='ocrx_word' id='word_1_57' title='bbox 733 1824 850 1878; x_wconf 85' lang='lat' dir='ltr'><strong>venturi</strong></span> <span class='ocrx_word' id='word_1_58' title='bbox 872 1831 949 1888; x_wconf 88' lang='lat' dir='ltr'><strong>sunt,</strong></span> <span class='ocrx_word' id='word_1_59' title='bbox 970 1832 1000 1881; x_wconf 95' lang='lat' dir='ltr'><strong>et</strong></span> <span class='ocrx_word' id='word_1_60' title='bbox 1025 1845 1091 1881; x_wconf 89' lang='lat' dir='ltr'><strong>eum</strong></span> <span class='ocrx_word' id='word_1_61' title='bbox 1117 1828 1225 1882; x_wconf 91' lang='lat' dir='ltr'><strong>litteris</strong></span> <span class='ocrx_word' id='word_1_62' title='bbox 1250 1828 1373 1898; x_wconf 90' lang='lat' dir='ltr'><strong>capituli</strong></span> <span class='ocrx_word' id='word_1_63' title='bbox 1397 1827 1489 1882; x_wconf 86' lang='lat' dir='ltr'><strong>vestri</strong></span> <span class='ocrx_word' id='word_1_64' title='bbox 1503 1839 1578 1878; x_wconf 76' lang='lat' dir='ltr'><strong>peace.</strong></span> 
     </span>
     <span class='ocr_line' id='line_1_8' title="bbox 440 1908 1489 1982; baseline 0.006 -22"><span class='ocrx_word' id='word_1_65' title='bbox 440 1908 477 1961; x_wconf 89' lang='lat' dir='ltr'><strong>de</strong></span> <span class='ocrx_word' id='word_1_66' title='bbox 495 1908 700 1962; x_wconf 77' lang='lat' dir='ltr'><strong>ratihabitione</strong></span> <span class='ocrx_word' id='word_1_67' title='bbox 727 1925 815 1978; x_wconf 90' lang='lat' dir='ltr'><strong>super</strong></span> <span class='ocrx_word' id='word_1_68' title='bbox 840 1909 904 1972; x_wconf 91' lang='lat' dir='ltr'><strong>hoe,</strong></span> <span class='ocrx_word' id='word_1_69' title='bbox 928 1910 1005 1978; x_wconf 91' lang='lat' dir='ltr'><strong>quod</strong></span> <span class='ocrx_word' id='word_1_70' title='bbox 1023 1912 1101 1982; x_wconf 92' lang='lat' dir='ltr'><strong>apud</strong></span> <span class='ocrx_word' id='word_1_71' title='bbox 1128 1929 1174 1965; x_wconf 92' lang='lat' dir='ltr'><strong>me</strong></span> <span class='ocrx_word' id='word_1_72' title='bbox 1195 1912 1268 1981; x_wconf 87' lang='lat' dir='ltr'><strong>ipsis</strong></span> <span class='ocrx_word' id='word_1_73' title='bbox 1295 1911 1489 1982; x_wconf 70' lang='lat' dir='ltr'><strong>praesentibus</strong></span> 
     </span>
    </p>

    <p class='ocr_par' dir='ltr' id='par_1_3' title="bbox 440 1991 1488 2234">
     <span class='ocr_line' id='line_1_9' title="bbox 440 1991 1488 2063; baseline 0.004 -19"><span class='ocrx_word' id='word_1_74' title='bbox 440 1991 549 2046; x_wconf 83' lang='lat' dir='ltr'><strong>fectum</strong></span> <span class='ocrx_word' id='word_1_75' title='bbox 569 1992 658 2046; x_wconf 85' lang='lat' dir='ltr'><strong>fuerit</strong></span> <span class='ocrx_word' id='word_1_76' title='bbox 676 1992 712 2045; x_wconf 88' lang='lat' dir='ltr'><strong>de</strong></span> <span class='ocrx_word' id='word_1_77' title='bbox 735 1991 876 2062; x_wconf 84' lang='lat' dir='ltr'><strong>praedicta</strong></span> <span class='ocrx_word' id='word_1_78' title='bbox 893 1993 973 2063; x_wconf 86' lang='lat' dir='ltr'><strong>pacis</strong></span> <span class='ocrx_word' id='word_1_79' title='bbox 992 1995 1208 2049; x_wconf 80' lang='lat' dir='ltr'><strong>reformatione.</strong></span> <span class='ocrx_word' id='word_1_80' title='bbox 1248 1995 1280 2049; x_wconf 84' lang='lat' dir='ltr'><strong>Si</strong></span> <span class='ocrx_word' id='word_1_81' title='bbox 1299 2012 1369 2049; x_wconf 84' lang='lat' dir='ltr'><strong>vero</strong></span> <span class='ocrx_word' id='word_1_82' title='bbox 1388 2013 1488 2050; x_wconf 88' lang='lat' dir='ltr'><strong>ornnes</strong></span> 
     </span>
     <span class='ocr_line' id='line_1_10' title="bbox 440 2075 1488 2150; baseline 0.005 -22"><span class='ocrx_word' id='word_1_83' title='bbox 440 2075 641 2146; x_wconf 78' lang='lat' dir='ltr'><strong>praenominati</strong></span> <span class='ocrx_word' id='word_1_84' title='bbox 666 2093 725 2129; x_wconf 90' lang='lat' dir='ltr'><strong>non</strong></span> <span class='ocrx_word' id='word_1_85' title='bbox 740 2075 877 2130; x_wconf 85' lang='lat' dir='ltr'><strong>venerint</strong></span> <span class='ocrx_word' id='word_1_86' title='bbox 902 2076 939 2129; x_wconf 90' lang='lat' dir='ltr'><strong>ad</strong></span> <span class='ocrx_word' id='word_1_87' title='bbox 955 2095 1017 2141; x_wconf 85' lang='lat' dir='ltr'><strong>vos,</strong></span> <span class='ocrx_word' id='word_1_88' title='bbox 1037 2078 1075 2132; x_wconf 85' lang='lat' dir='ltr'><strong>iis</strong></span> <span class='ocrx_word' id='word_1_89' title='bbox 1093 2085 1191 2133; x_wconf 88' lang='lat' dir='ltr'><strong>tamen</strong></span> <span class='ocrx_word' id='word_1_90' title='bbox 1216 2079 1265 2150; x_wconf 89' lang='lat' dir='ltr'><strong>qui</strong></span> <span class='ocrx_word' id='word_1_91' title='bbox 1284 2080 1320 2134; x_wconf 90' lang='lat' dir='ltr'><strong>de</strong></span> <span class='ocrx_word' id='word_1_92' title='bbox 1339 2079 1488 2150; x_wconf 64' lang='lat' dir='ltr'><strong>praedictis</strong></span> 
     </span>
     <span class='ocr_line' id='line_1_11' title="bbox 440 2159 1486 2234; baseline 0.005 -21"><span class='ocrx_word' id='word_1_93' title='bbox 440 2159 582 2221; x_wconf 84' lang='lat' dir='ltr'><strong>venerint,</strong></span> <span class='ocrx_word' id='word_1_94' title='bbox 603 2164 712 2212; x_wconf 83' lang='lat' dir='ltr'><strong>cortem</strong></span> <span class='ocrx_word' id='word_1_95' title='bbox 730 2159 817 2213; x_wconf 87' lang='lat' dir='ltr'><strong>fidem</strong></span> <span class='ocrx_word' id='word_1_96' title='bbox 841 2159 983 2224; x_wconf 85' lang='lat' dir='ltr'><strong>habeatis,</strong></span> <span class='ocrx_word' id='word_1_97' title='bbox 1007 2167 1036 2215; x_wconf 90' lang='lat' dir='ltr'><strong>et</strong></span> <span class='ocrx_word' id='word_1_98' title='bbox 1062 2163 1184 2217; x_wconf 89' lang='lat' dir='ltr'><strong>oonsilio</strong></span> <span class='ocrx_word' id='word_1_99' title='bbox 1204 2164 1323 2218; x_wconf 90' lang='lat' dir='ltr'><strong>illorum</strong></span> <span class='ocrx_word' id='word_1_100' title='bbox 1351 2163 1486 2234; x_wconf 82' lang='lat' dir='ltr'><strong>adquies-</strong></span> 
     </span>
    </p>

    <p class='ocr_par' dir='ltr' id='par_1_4' title="bbox 440 2241 1489 2317">
     <span class='ocr_line' id='line_1_12' title="bbox 440 2241 1489 2317; baseline 0.002 -20"><span class='ocrx_word' id='word_1_101' title='bbox 440 2242 523 2297; x_wconf 88' lang='lat' dir='ltr'><strong>catis.</strong></span> <span class='ocrx_word' id='word_1_102' title='bbox 560 2241 711 2297; x_wconf 85' lang='lat' dir='ltr'><strong>Noveritis</strong></span> <span class='ocrx_word' id='word_1_103' title='bbox 737 2243 826 2297; x_wconf 89' lang='lat' dir='ltr'><strong>etiam</strong></span> <span class='ocrx_word' id='word_1_104' title='bbox 845 2261 897 2314; x_wconf 91' lang='lat' dir='ltr'><strong>pro</strong></span> <span class='ocrx_word' id='word_1_105' title='bbox 922 2250 1001 2298; x_wconf 87' lang='lat' dir='ltr'><strong>certo</strong></span> <span class='ocrx_word' id='word_1_106' title='bbox 1020 2245 1098 2315; x_wconf 90' lang='lat' dir='ltr'><strong>quod</strong></span> <span class='ocrx_word' id='word_1_107' title='bbox 1122 2247 1200 2317; x_wconf 87' lang='lat' dir='ltr'><strong>parti</strong></span> <span class='ocrx_word' id='word_1_108' title='bbox 1226 2246 1271 2300; x_wconf 91' lang='lat' dir='ltr'><strong>illi</strong></span> <span class='ocrx_word' id='word_1_109' title='bbox 1297 2265 1362 2316; x_wconf 82' lang='lat' dir='ltr'><strong>quae</strong></span> <span class='ocrx_word' id='word_1_110' title='bbox 1380 2248 1489 2317; x_wconf 89' lang='lat' dir='ltr'><strong>impro-</strong></span> 
     </span>
    </p>

    <p class='ocr_par' dir='ltr' id='par_1_5' title="bbox 439 2327 1488 2401">
     <span class='ocr_line' id='line_1_13' title="bbox 439 2327 1488 2401; baseline 0.003 -20"><span class='ocrx_word' id='word_1_111' title='bbox 439 2327 525 2381; x_wconf 87' lang='lat' dir='ltr'><strong>bitati</strong></span> <span class='ocrx_word' id='word_1_112' title='bbox 542 2327 701 2382; x_wconf 88' lang='lat' dir='ltr'><strong>adhaerebit</strong></span> <span class='ocrx_word' id='word_1_113' title='bbox 718 2327 749 2381; x_wconf 92' lang='lat' dir='ltr'><strong>in</strong></span> <span class='ocrx_word' id='word_1_114' title='bbox 766 2327 821 2381; x_wconf 87' lang='lat' dir='ltr'><strong>hac</strong></span> <span class='ocrx_word' id='word_1_115' title='bbox 845 2345 932 2382; x_wconf 89' lang='lat' dir='ltr'><strong>causa</strong></span> <span class='ocrx_word' id='word_1_116' title='bbox 949 2328 1135 2384; x_wconf 86' lang='lat' dir='ltr'><strong>adversarius</strong></span> <span class='ocrx_word' id='word_1_117' title='bbox 1154 2347 1213 2393; x_wconf 87' lang='lat' dir='ltr'><strong>ero,</strong></span> <span class='ocrx_word' id='word_1_118' title='bbox 1234 2336 1264 2383; x_wconf 92' lang='lat' dir='ltr'><strong>et</strong></span> <span class='ocrx_word' id='word_1_119' title='bbox 1280 2330 1392 2385; x_wconf 90' lang='lat' dir='ltr'><strong>mitiori</strong></span> <span class='ocrx_word' id='word_1_120' title='bbox 1410 2335 1488 2401; x_wconf 83' lang='lat' dir='ltr'><strong>parti</strong></span> 
     </span>
    </p>

    <p class='ocr_par' dir='ltr' id='par_1_6' title="bbox 440 2411 1488 2481">
     <span class='ocr_line' id='line_1_14' title="bbox 440 2411 1488 2481; baseline 0.005 -17"><span class='ocrx_word' id='word_1_121' title='bbox 440 2411 539 2464; x_wconf 76' lang='lat' dir='ltr'><strong>efficax</strong></span> <span class='ocrx_word' id='word_1_122' title='bbox 568 2411 710 2464; x_wconf 83' lang='lat' dir='ltr'><strong>auxilinm</strong></span> <span class='ocrx_word' id='word_1_123' title='bbox 744 2418 883 2481; x_wconf 88' lang='lat' dir='ltr'><strong>praestare</strong></span> <span class='ocrx_word' id='word_1_124' title='bbox 920 2412 1037 2467; x_wconf 81' lang='lat' dir='ltr'><strong>curabo,</strong></span> <span class='ocrx_word' id='word_1_125' title='bbox 1087 2413 1173 2467; x_wconf 85' lang='lat' dir='ltr'><strong>Teste</strong></span> <span class='ocrx_word' id='word_1_126' title='bbox 1210 2412 1343 2466; x_wconf 89' lang='lat' dir='ltr'><strong>Huberto</strong></span> <span class='ocrx_word' id='word_1_127' title='bbox 1379 2412 1488 2469; x_wconf 85' lang='lat' dir='ltr'><strong>decano</strong></span> 
     </span>
    </p>
   </div>
   <div class='ocr_carea' id='block_1_3' title="bbox 440 2494 980 2566">
    <p class='ocr_par' dir='ltr' id='par_1_7' title="bbox 440 2494 980 2566">
     <span class='ocr_line' id='line_1_15' title="bbox 440 2494 980 2566; baseline 0.004 -18"><span class='ocrx_word' id='word_1_128' title='bbox 440 2494 627 2559; x_wconf 85' lang='lat' dir='ltr'><strong>Eboracensi,</strong></span> <span class='ocrx_word' id='word_1_129' title='bbox 647 2495 724 2566; x_wconf 86' lang='lat' dir='ltr'><strong>apud</strong></span> <span class='ocrx_word' id='word_1_130' title='bbox 743 2495 980 2550; x_wconf 72' lang='lat' dir='ltr'><strong>cenomanniam.</strong></span> 
     </span>
    </p>
   </div>
   <div class='ocr_carea' id='block_1_4' title="bbox 469 2764 1648 2907">
    <p class='ocr_par' dir='ltr' id='par_1_8' title="bbox 469 2764 1648 2907">
     <span class='ocr_line' id='line_1_16' title="bbox 469 2764 1648 2872; baseline 0.003 -53"><span class='ocrx_word' id='word_1_131' title='bbox 469 2765 613 2820; x_wconf 88' lang='lat' dir='ltr'>DLXIII.</span> <span class='ocrx_word' id='word_1_132' title='bbox 633 2764 731 2820; x_wconf 73' lang='lat' dir='ltr'><strong>Araus</strong></span> <span class='ocrx_word' id='word_1_133' title='bbox 748 2782 785 2821; x_wconf 78' lang='lat' dir='ltr'><strong>ne</strong></span> <span class='ocrx_word' id='word_1_134' title='bbox 803 2767 936 2822; x_wconf 75' lang='lat' dir='ltr'><strong>Hunni</strong></span> <span class='ocrx_word' id='word_1_135' title='bbox 954 2781 1040 2822; x_wconf 82' lang='lat' dir='ltr'><strong>rnroa</strong></span> <span class='ocrx_word' id='word_1_136' title='bbox 1057 2767 1310 2822; x_wconf 75' lang='lat' dir='ltr'><strong>Bnaauunnasniu</strong></span> <span class='ocrx_word' id='word_1_137' title='bbox 1327 2780 1455 2822; x_wconf 75' lang='lat' dir='ltr'><strong>omnious</strong></span> <span class='ocrx_word' id='word_1_138' title='bbox 1514 2766 1648 2872; x_wconf 49' lang='lat' dir='ltr'><strong>pfflffi</strong></span> 
     </span>
     <span class='ocr_line' id='line_1_17' title="bbox 818 2852 1112 2907; baseline -0.003 0"><span class='ocrx_word' id='word_1_139' title='bbox 818 2852 938 2907; x_wconf 71' lang='lat' dir='ltr'><strong>(lumem</strong></span> <span class='ocrx_word' id='word_1_140' title='bbox 955 2866 1112 2906; x_wconf 68' lang='lat' dir='ltr'><strong>emensus.</strong></span> 
     </span>
    </p>
   </div>
   <div class='ocr_carea' id='block_1_5' title="bbox 829 2996 1096 3060">
    <p class='ocr_par' dir='ltr' id='par_1_9' title="bbox 829 2996 1096 3060">
     <span class='ocr_line' id='line_1_18' title="bbox 829 2996 1096 3060; baseline -0.007 -12"><span class='ocrx_word' id='word_1_141' title='bbox 829 2996 963 3058; x_wconf 74' lang='lat' dir='ltr'><strong>(Gema,</strong></span> <span class='ocrx_word' id='word_1_142' title='bbox 974 3013 996 3048; x_wconf 85' lang='lat' dir='ltr'><strong>e.</strong></span> <span class='ocrx_word' id='word_1_143' title='bbox 1010 2998 1096 3060; x_wconf 77' lang='lat'>1549.)</span> 
     </span>
    </p>
   </div>
   <div class='ocr_carea' id='block_1_6' title="bbox 477 3141 1657 3249">
    <p class='ocr_par' dir='ltr' id='par_1_10' title="bbox 477 3141 1657 3249">
     <span class='ocr_line' id='line_1_19' title="bbox 477 3141 1657 3249; baseline 0.008 -52"><span class='ocrx_word' id='word_1_144' title='bbox 477 3143 634 3210; x_wconf 88' lang='lat' dir='ltr'><strong>Johannes‚</strong></span> <span class='ocrx_word' id='word_1_145' title='bbox 666 3145 724 3199; x_wconf 90' lang='lat' dir='ltr'><strong>Dei</strong></span> <span class='ocrx_word' id='word_1_146' title='bbox 759 3147 865 3217; x_wconf 82' lang='lat' dir='ltr'><strong>gratia,</strong></span> <span class='ocrx_word' id='word_1_147' title='bbox 898 3146 986 3201; x_wconf 85' lang='lat' dir='ltr'><strong>abbas</strong></span> <span class='ocrx_word' id='word_1_148' title='bbox 1024 3146 1124 3202; x_wconf 86' lang='lat' dir='ltr'><strong>Sancti</strong></span> <span class='ocrx_word' id='word_1_149' title='bbox 1154 3145 1236 3201; x_wconf 85' lang='lat' dir='ltr'><strong>Petri</strong></span> <span class='ocrx_word' id='word_1_150' title='bbox 1272 3143 1309 3198; x_wconf 90' lang='lat' dir='ltr'><strong>de</strong></span> <span class='ocrx_word' id='word_1_151' title='bbox 1339 3141 1428 3206; x_wconf 82' lang='lat' dir='ltr'><strong>Hida,</strong></span> <span class='ocrx_word' id='word_1_152' title='bbox 1459 3144 1657 3249; x_wconf 49' lang='lat' dir='ltr'><strong>etffpffimd</strong></span> 
     </span>
    </p>
   </div>
   <div class='ocr_carea' id='block_1_7' title="bbox 439 3225 1659 3968">
    <p class='ocr_par' dir='ltr' id='par_1_11' title="bbox 439 3225 1659 3801">
     <span class='ocr_line' id='line_1_20' title="bbox 441 3225 1647 3299; baseline 0.001 -18"><span class='ocrx_word' id='word_1_153' title='bbox 441 3226 588 3282; x_wconf 86' lang='lat' dir='ltr'><strong>Henricus</strong></span> <span class='ocrx_word' id='word_1_154' title='bbox 613 3230 693 3299; x_wconf 89' lang='lat' dir='ltr'><strong>prior</strong></span> <span class='ocrx_word' id='word_1_155' title='bbox 718 3229 754 3283; x_wconf 86' lang='lat' dir='ltr'><strong>de</strong></span> <span class='ocrx_word' id='word_1_156' title='bbox 780 3229 1035 3295; x_wconf 87' lang='lat' dir='ltr'><strong>Beremnndeseia,</strong></span> <span class='ocrx_word' id='word_1_157' title='bbox 1063 3230 1196 3285; x_wconf 90' lang='lat' dir='ltr'><strong>omnibus</strong></span> <span class='ocrx_word' id='word_1_158' title='bbox 1217 3228 1328 3284; x_wconf 80' lang='lat' dir='ltr'><strong>Christi</strong></span> <span class='ocrx_word' id='word_1_159' title='bbox 1355 3225 1489 3281; x_wconf 87' lang='lat' dir='ltr'><strong>fidelibus</strong></span> <span class='ocrx_word' id='word_1_160' title='bbox 1502 3248 1647 3299; x_wconf 56' lang='lat' dir='ltr'><strong>memoror</strong></span> 
     </span>
     <span class='ocr_line' id='line_1_21' title="bbox 440 3297 1659 3384; baseline -0.001 -20"><span class='ocrx_word' id='word_1_161' title='bbox 440 3310 477 3364; x_wconf 90' lang='lat' dir='ltr'><strong>ad</strong></span> <span class='ocrx_word' id='word_1_162' title='bbox 496 3329 568 3381; x_wconf 89' lang='lat' dir='ltr'><strong>quos</strong></span> <span class='ocrx_word' id='word_1_163' title='bbox 586 3319 744 3382; x_wconf 71' lang='lat' dir='ltr'><strong>praesentes</strong></span> <span class='ocrx_word' id='word_1_164' title='bbox 769 3313 875 3367; x_wconf 76' lang='lat' dir='ltr'><strong>litterie</strong></span> <span class='ocrx_word' id='word_1_165' title='bbox 895 3315 1091 3384; x_wconf 84' lang='lat' dir='ltr'><strong>pervenerint,</strong></span> <span class='ocrx_word' id='word_1_166' title='bbox 1113 3313 1247 3368; x_wconf 84' lang='lat' dir='ltr'><strong>salutem.</strong></span> <span class='ocrx_word' id='word_1_167' title='bbox 1287 3310 1393 3366; x_wconf 84' lang='lat' dir='ltr'><strong>Sciatis</strong></span> <span class='ocrx_word' id='word_1_168' title='bbox 1413 3308 1491 3380; x_wconf 91' lang='lat' dir='ltr'><strong>quod</strong></span> <span class='ocrx_word' id='word_1_169' title='bbox 1503 3297 1659 3351; x_wconf 64' lang='lat' dir='ltr'><strong>Bormonday</strong></span> 
     </span>
     <span class='ocr_line' id='line_1_22' title="bbox 440 3392 1640 3467; baseline -0.002 -18"><span class='ocrx_word' id='word_1_170' title='bbox 440 3394 574 3450; x_wconf 85' lang='lat' dir='ltr'><strong>dominus</strong></span> <span class='ocrx_word' id='word_1_171' title='bbox 608 3397 805 3459; x_wconf 83' lang='lat' dir='ltr'><strong>Baldewinus,</strong></span> <span class='ocrx_word' id='word_1_172' title='bbox 833 3396 1055 3452; x_wconf 82' lang='lat' dir='ltr'><strong>Oantuariensis</strong></span> <span class='ocrx_word' id='word_1_173' title='bbox 1085 3396 1331 3467; x_wconf 80' lang='lat' dir='ltr'><strong>archiepiscopus,</strong></span> <span class='ocrx_word' id='word_1_174' title='bbox 1361 3392 1491 3447; x_wconf 89' lang='lat' dir='ltr'><strong>reddidit</strong></span> <span class='ocrx_word' id='word_1_175' title='bbox 1502 3400 1640 3442; x_wconf 71' lang='lat' dir='ltr'><strong>restoration</strong></span> 
     </span>
     <span class='ocr_line' id='line_1_23' title="bbox 440 3449 1635 3544; baseline 0 -13"><span class='ocrx_word' id='word_1_176' title='bbox 440 3480 596 3534; x_wconf 84' lang='lat' dir='ltr'><strong>conventui</strong></span> <span class='ocrx_word' id='word_1_177' title='bbox 615 3481 747 3533; x_wconf 69' lang='lat' dir='ltr'><strong>ecclesiae</strong></span> <span class='ocrx_word' id='word_1_178' title='bbox 760 3479 872 3534; x_wconf 83' lang='lat' dir='ltr'><strong>Christi</strong></span> <span class='ocrx_word' id='word_1_179' title='bbox 891 3479 1069 3543; x_wconf 71' lang='lat' dir='ltr'><strong>cantuariae,</strong></span> <span class='ocrx_word' id='word_1_180' title='bbox 1083 3479 1182 3534; x_wconf 87' lang='lat' dir='ltr'><strong>omnia</strong></span> <span class='ocrx_word' id='word_1_181' title='bbox 1199 3478 1338 3540; x_wconf 84' lang='lat' dir='ltr'><strong>maneria,</strong></span> <span class='ocrx_word' id='word_1_182' title='bbox 1358 3476 1490 3531; x_wconf 86' lang='lat' dir='ltr'><strong>redditus</strong></span> <span class='ocrx_word' id='word_1_183' title='bbox 1502 3449 1609 3544; x_wconf 47' lang='grc' dir='ltr'><strong>ἓξῐξῗξιῖο</strong></span> <span class='ocrx_word' id='word_1_184' title='bbox 1609 3462 1635 3492; x_wconf 85' lang='lat' dir='ltr'><strong>n·</strong></span> 
     </span>
     <span class='ocr_line' id='line_1_24' title="bbox 440 3551 1635 3645; baseline 0 -29"><span class='ocrx_word' id='word_1_185' title='bbox 440 3568 470 3617; x_wconf 85' lang='lat' dir='ltr'><strong>et</strong></span> <span class='ocrx_word' id='word_1_186' title='bbox 487 3564 686 3633; x_wconf 85' lang='lat' dir='ltr'><strong>possessiones</strong></span> <span class='ocrx_word' id='word_1_187' title='bbox 713 3581 791 3627; x_wconf 82' lang='lat' dir='ltr'><strong>suas,</strong></span> <span class='ocrx_word' id='word_1_188' title='bbox 814 3563 852 3616; x_wconf 87' lang='lat' dir='ltr'><strong>ad</strong></span> <span class='ocrx_word' id='word_1_189' title='bbox 869 3563 1028 3618; x_wconf 87' lang='lat' dir='ltr'><strong>tenendum</strong></span> <span class='ocrx_word' id='word_1_190' title='bbox 1054 3565 1097 3618; x_wconf 89' lang='lat' dir='ltr'><strong>ita</strong></span> <span class='ocrx_word' id='word_1_191' title='bbox 1121 3562 1213 3616; x_wconf 87' lang='lat' dir='ltr'><strong>libere</strong></span> <span class='ocrx_word' id='word_1_192' title='bbox 1240 3567 1270 3616; x_wconf 88' lang='lat' dir='ltr'><strong>et</strong></span> <span class='ocrx_word' id='word_1_193' title='bbox 1296 3561 1395 3632; x_wconf 88' lang='lat' dir='ltr'><strong>quiete</strong></span> <span class='ocrx_word' id='word_1_194' title='bbox 1414 3551 1635 3645; x_wconf 53' lang='lat' dir='ltr'><strong>ffliffiss&#39;ffi&#39;y</strong></span> 
     </span>
     <span class='ocr_line' id='line_1_25' title="bbox 439 3642 1591 3717; baseline -0.003 -17"><span class='ocrx_word' id='word_1_195' title='bbox 439 3651 597 3701; x_wconf 89' lang='lat' dir='ltr'><strong>tenuerunt</strong></span> <span class='ocrx_word' id='word_1_196' title='bbox 615 3653 745 3717; x_wconf 89' lang='lat' dir='ltr'><strong>tempore</strong></span> <span class='ocrx_word' id='word_1_197' title='bbox 764 3663 821 3716; x_wconf 91' lang='lat' dir='ltr'><strong>quo</strong></span> <span class='ocrx_word' id='word_1_198' title='bbox 840 3652 990 3717; x_wconf 86' lang='lat' dir='ltr'><strong>promotus</strong></span> <span class='ocrx_word' id='word_1_199' title='bbox 1009 3653 1055 3702; x_wconf 88' lang='lat' dir='ltr'><strong>est</strong></span> <span class='ocrx_word' id='word_1_200' title='bbox 1072 3647 1103 3700; x_wconf 90' lang='lat' dir='ltr'><strong>in</strong></span> <span class='ocrx_word' id='word_1_201' title='bbox 1121 3645 1381 3716; x_wconf 86' lang='lat' dir='ltr'><strong>arehiepiscopum,</strong></span> <span class='ocrx_word' id='word_1_202' title='bbox 1400 3642 1490 3699; x_wconf 81' lang='lat' dir='ltr'><strong>salvis</strong></span> <span class='ocrx_word' id='word_1_203' title='bbox 1503 3651 1591 3704; x_wconf 73' lang='lat' dir='ltr'><strong>buhen.</strong></span> 
     </span>
     <span class='ocr_line' id='line_1_26' title="bbox 439 3729 1491 3801; baseline 0 -19"><span class='ocrx_word' id='word_1_204' title='bbox 439 3729 607 3799; x_wconf 84' lang='lat' dir='ltr'><strong>privilegiis</strong></span> <span class='ocrx_word' id='word_1_205' title='bbox 626 3747 728 3783; x_wconf 87' lang='lat' dir='ltr'><strong>eorum</strong></span> <span class='ocrx_word' id='word_1_206' title='bbox 754 3736 783 3784; x_wconf 89' lang='lat' dir='ltr'><strong>et</strong></span> <span class='ocrx_word' id='word_1_207' title='bbox 802 3731 900 3793; x_wconf 88' lang='lat' dir='ltr'><strong>cartis,</strong></span> <span class='ocrx_word' id='word_1_208' title='bbox 921 3737 951 3784; x_wconf 88' lang='lat' dir='ltr'><strong>et</strong></span> <span class='ocrx_word' id='word_1_209' title='bbox 977 3731 1068 3785; x_wconf 86' lang='lat' dir='ltr'><strong>salvis</strong></span> <span class='ocrx_word' id='word_1_210' title='bbox 1096 3729 1224 3801; x_wconf 86' lang='lat' dir='ltr'><strong>querelis</strong></span> <span class='ocrx_word' id='word_1_211' title='bbox 1242 3747 1343 3784; x_wconf 89' lang='lat' dir='ltr'><strong>eorum</strong></span> <span class='ocrx_word' id='word_1_212' title='bbox 1361 3733 1392 3783; x_wconf 91' lang='lat' dir='ltr'><strong>et</strong></span> <span class='ocrx_word' id='word_1_213' title='bbox 1409 3745 1491 3782; x_wconf 86' lang='lat' dir='ltr'><strong>man-</strong></span> 
     </span>
    </p>

    <p class='ocr_par' dir='ltr' id='par_1_12' title="bbox 439 3811 1492 3968">
     <span class='ocr_line' id='line_1_27' title="bbox 440 3811 1492 3884; baseline 0.002 -18"><span class='ocrx_word' id='word_1_214' title='bbox 440 3812 507 3866; x_wconf 91' lang='lat' dir='ltr'><strong>dato</strong></span> <span class='ocrx_word' id='word_1_215' title='bbox 526 3813 636 3867; x_wconf 92' lang='lat' dir='ltr'><strong>domini</strong></span> <span class='ocrx_word' id='word_1_216' title='bbox 655 3831 748 3883; x_wconf 74' lang='lat' dir='ltr'><strong>papa,</strong></span> <span class='ocrx_word' id='word_1_217' title='bbox 769 3814 800 3866; x_wconf 89' lang='lat' dir='ltr'><strong>in</strong></span> <span class='ocrx_word' id='word_1_218' title='bbox 826 3813 971 3878; x_wconf 86' lang='lat' dir='ltr'><strong>omnibus,</strong></span> <span class='ocrx_word' id='word_1_219' title='bbox 992 3821 1022 3869; x_wconf 88' lang='lat' dir='ltr'><strong>et</strong></span> <span class='ocrx_word' id='word_1_220' title='bbox 1040 3814 1121 3869; x_wconf 85' lang='lat' dir='ltr'><strong>salvo</strong></span> <span class='ocrx_word' id='word_1_221' title='bbox 1145 3813 1213 3884; x_wconf 89' lang='lat' dir='ltr'><strong>juro</strong></span> <span class='ocrx_word' id='word_1_222' title='bbox 1232 3811 1443 3883; x_wconf 87' lang='lat' dir='ltr'><strong>archiepiscopi</strong></span> <span class='ocrx_word' id='word_1_223' title='bbox 1460 3817 1492 3868; x_wconf 88' lang='lat' dir='ltr'><strong>et</strong></span> 
     </span>
     <span class='ocr_line' id='line_1_28' title="bbox 439 3896 1491 3968; baseline 0.001 -17"><span class='ocrx_word' id='word_1_224' title='bbox 439 3903 609 3951; x_wconf 87' lang='lat' dir='ltr'><strong>conventus.</strong></span> <span class='ocrx_word' id='word_1_225' title='bbox 656 3897 742 3950; x_wconf 89' lang='lat' dir='ltr'><strong>Hanc</strong></span> <span class='ocrx_word' id='word_1_226' title='bbox 775 3898 991 3951; x_wconf 88' lang='lat' dir='ltr'><strong>restitutionem</strong></span> <span class='ocrx_word' id='word_1_227' title='bbox 1021 3899 1064 3954; x_wconf 91' lang='lat' dir='ltr'><strong>ita</strong></span> <span class='ocrx_word' id='word_1_228' title='bbox 1093 3900 1200 3952; x_wconf 86' lang='lat' dir='ltr'><strong>factam</strong></span> <span class='ocrx_word' id='word_1_229' title='bbox 1229 3896 1397 3968; x_wconf 84' lang='lat' dir='ltr'><strong>sigillorum</strong></span> <span class='ocrx_word' id='word_1_230' title='bbox 1425 3912 1491 3952; x_wconf 83' lang='lat' dir='ltr'><strong>nos·</strong></span> 
     </span>
    </p>
   </div>
   <div class='ocr_carea' id='block_1_8' title="bbox 439 3981 957 4051">
    <p class='ocr_par' dir='ltr' id='par_1_13' title="bbox 439 3981 957 4051">
     <span class='ocr_line' id='line_1_29' title="bbox 439 3981 957 4051; baseline 0.004 -17"><span class='ocrx_word' id='word_1_231' title='bbox 439 3987 552 4034; x_wconf 89' lang='lat' dir='ltr'><strong>trorum</strong></span> <span class='ocrx_word' id='word_1_232' title='bbox 570 3981 752 4051; x_wconf 85' lang='lat' dir='ltr'><strong>appositione</strong></span> <span class='ocrx_word' id='word_1_233' title='bbox 773 3986 957 4036; x_wconf 86' lang='lat' dir='ltr'><strong>attestamur.</strong></span> 
     </span>
    </p>
   </div>
   <div class='ocr_carea' id='block_1_9' title="bbox 501 4247 1640 4398">
    <p class='ocr_par' dir='ltr' id='par_1_14' title="bbox 501 4247 1640 4398">
     <span class='ocr_line' id='line_1_30' title="bbox 501 4247 1640 4345; baseline -0.007 -41"><span class='ocrx_word' id='word_1_234' title='bbox 501 4248 639 4304; x_wconf 88' lang='lat' dir='ltr'><strong>DLXIV.</strong></span> <span class='ocrx_word' id='word_1_235' title='bbox 676 4247 806 4303; x_wconf 80' lang='lat' dir='ltr'><strong>Jomnm</strong></span> <span class='ocrx_word' id='word_1_236' title='bbox 823 4247 979 4303; x_wconf 69' lang='lat' dir='ltr'><strong>Anionis-o</strong></span> <span class='ocrx_word' id='word_1_237' title='bbox 998 4247 1168 4304; x_wconf 76' lang='lat' dir='ltr'><strong>convenius</strong></span> <span class='ocrx_word' id='word_1_238' title='bbox 1186 4247 1426 4306; x_wconf 66' lang='lat' dir='ltr'><strong>clarummane.</strong></span> <span class='ocrx_word' id='word_1_239' title='bbox 1518 4251 1640 4345; x_wconf 41' lang='lat' dir='ltr'><strong>apiprso.</strong></span> 
     </span>
     <span class='ocr_line' id='line_1_31' title="bbox 1532 4351 1625 4398; baseline -0.022 0"><span class='ocrx_word' id='word_1_240' title='bbox 1532 4351 1585 4398; x_wconf 74' lang='lat' dir='ltr'><strong>oa</strong></span> <span class='ocrx_word' id='word_1_241' title='bbox 1593 4357 1625 4397; x_wconf 85' lang='lat' dir='ltr'><strong>1a</strong></span> 
     </span>
    </p>
   </div>
   <div class='ocr_carea' id='block_1_10' title="bbox 837 4400 1100 4465">
    <p class='ocr_par' dir='ltr' id='par_1_15' title="bbox 837 4400 1100 4465">
     <span class='ocr_line' id='line_1_32' title="bbox 837 4400 1100 4465; baseline -0.011 -13"><span class='ocrx_word' id='word_1_242' title='bbox 837 4401 969 4465; x_wconf 84' lang='lat' dir='ltr'><strong>(Gervase,</strong></span> <span class='ocrx_word' id='word_1_243' title='bbox 981 4416 1003 4451; x_wconf 83' lang='lat' dir='ltr'><strong>e.</strong></span> <span class='ocrx_word' id='word_1_244' title='bbox 1016 4400 1100 4462; x_wconf 79' lang='lat'>1552.)</span> 
     </span>
    </p>
   </div>
   <div class='ocr_carea' id='block_1_11' title="bbox 438 4528 1665 5119">
    <p class='ocr_par' dir='ltr' id='par_1_16' title="bbox 438 4528 1665 5036">
     <span class='ocr_line' id='line_1_33' title="bbox 474 4528 1665 4620; baseline -0.003 -19"><span class='ocrx_word' id='word_1_245' title='bbox 474 4548 645 4602; x_wconf 87' lang='lat' dir='ltr'><strong>Reverendo</strong></span> <span class='ocrx_word' id='word_1_246' title='bbox 681 4550 758 4620; x_wconf 85' lang='lat' dir='ltr'><strong>patri</strong></span> <span class='ocrx_word' id='word_1_247' title='bbox 795 4554 826 4603; x_wconf 88' lang='lat' dir='ltr'><strong>et</strong></span> <span class='ocrx_word' id='word_1_248' title='bbox 861 4548 978 4602; x_wconf 89' lang='lat' dir='ltr'><strong>domino</strong></span> <span class='ocrx_word' id='word_1_249' title='bbox 1015 4542 1152 4607; x_wconf 88' lang='lat' dir='ltr'><strong>Johanni,</strong></span> <span class='ocrx_word' id='word_1_250' title='bbox 1184 4541 1242 4596; x_wconf 92' lang='lat' dir='ltr'><strong>Dei</strong></span> <span class='ocrx_word' id='word_1_251' title='bbox 1272 4541 1378 4612; x_wconf 83' lang='lat' dir='ltr'><strong>gratia,</strong></span> <span class='ocrx_word' id='word_1_252' title='bbox 1407 4540 1489 4595; x_wconf 86' lang='lat' dir='ltr'><strong>tituli</strong></span> <span class='ocrx_word' id='word_1_253' title='bbox 1501 4550 1549 4594; x_wconf 76' lang='lat' dir='ltr'><strong>&#39;llio</strong></span> <span class='ocrx_word' id='word_1_254' title='bbox 1557 4528 1665 4597; x_wconf 77' lang='lat' dir='ltr'><strong>convent</strong></span> 
     </span>
     <span class='ocr_line' id='line_1_34' title="bbox 441 4604 1640 4706; baseline -0.007 -20"><span class='ocrx_word' id='word_1_255' title='bbox 441 4631 540 4686; x_wconf 83' lang='lat' dir='ltr'><strong>Sancti</strong></span> <span class='ocrx_word' id='word_1_256' title='bbox 565 4632 658 4687; x_wconf 83' lang='lat' dir='ltr'><strong>Marci</strong></span> <span class='ocrx_word' id='word_1_257' title='bbox 688 4634 858 4704; x_wconf 87' lang='lat' dir='ltr'><strong>presbytero</strong></span> <span class='ocrx_word' id='word_1_258' title='bbox 889 4629 1040 4693; x_wconf 85' lang='lat' dir='ltr'><strong>cardinali,</strong></span> <span class='ocrx_word' id='word_1_259' title='bbox 1073 4627 1151 4682; x_wconf 85' lang='lat' dir='ltr'><strong>sedis</strong></span> <span class='ocrx_word' id='word_1_260' title='bbox 1183 4625 1349 4696; x_wconf 85' lang='lat' dir='ltr'><strong>apostolicae</strong></span> <span class='ocrx_word' id='word_1_261' title='bbox 1379 4624 1486 4695; x_wconf 86' lang='lat' dir='ltr'><strong>legato,</strong></span> <span class='ocrx_word' id='word_1_262' title='bbox 1501 4604 1640 4706; x_wconf 50' lang='lat' dir='ltr'><strong>{fflfflffm</strong></span> 
     </span>
     <span class='ocr_line' id='line_1_35' title="bbox 439 4706 1609 4801; baseline -0.006 -32"><span class='ocrx_word' id='word_1_263' title='bbox 439 4722 598 4769; x_wconf 85' lang='lat' dir='ltr'><strong>conventus</strong></span> <span class='ocrx_word' id='word_1_264' title='bbox 624 4715 755 4768; x_wconf 79' lang='lat' dir='ltr'><strong>eeclesiae</strong></span> <span class='ocrx_word' id='word_1_265' title='bbox 788 4715 899 4769; x_wconf 85' lang='lat' dir='ltr'><strong>Christi</strong></span> <span class='ocrx_word' id='word_1_266' title='bbox 927 4712 1104 4776; x_wconf 74' lang='lat' dir='ltr'><strong>Commorim,</strong></span> <span class='ocrx_word' id='word_1_267' title='bbox 1130 4710 1260 4764; x_wconf 91' lang='lat' dir='ltr'><strong>omnium</strong></span> <span class='ocrx_word' id='word_1_268' title='bbox 1291 4715 1488 4764; x_wconf 83' lang='lat' dir='ltr'><strong>conventuum</strong></span> <span class='ocrx_word' id='word_1_269' title='bbox 1501 4706 1609 4801; x_wconf 51' lang='lat' dir='ltr'><strong>mm</strong></span> 
     </span>
     <span class='ocr_line' id='line_1_36' title="bbox 439 4791 1486 4867; baseline -0.005 -16"><span class='ocrx_word' id='word_1_270' title='bbox 439 4798 623 4852; x_wconf 87' lang='lat' dir='ltr'><strong>miserrimus</strong></span> <span class='ocrx_word' id='word_1_271' title='bbox 655 4804 684 4851; x_wconf 91' lang='lat' dir='ltr'><strong>et</strong></span> <span class='ocrx_word' id='word_1_272' title='bbox 713 4797 810 4867; x_wconf 81' lang='lat' dir='ltr'><strong>magis</strong></span> <span class='ocrx_word' id='word_1_273' title='bbox 847 4798 980 4859; x_wconf 82' lang='lat' dir='ltr'><strong>afflictus,</strong></span> <span class='ocrx_word' id='word_1_274' title='bbox 1014 4796 1139 4848; x_wconf 86' lang='lat' dir='ltr'><strong>salutem</strong></span> <span class='ocrx_word' id='word_1_275' title='bbox 1170 4798 1200 4847; x_wconf 91' lang='lat' dir='ltr'><strong>et</strong></span> <span class='ocrx_word' id='word_1_276' title='bbox 1234 4792 1300 4846; x_wconf 76' lang='lat' dir='ltr'><strong>vale</strong></span> <span class='ocrx_word' id='word_1_277' title='bbox 1337 4791 1486 4846; x_wconf 87' lang='lat' dir='ltr'><strong>ultimum.</strong></span> 
     </span>
     <span class='ocr_line' id='line_1_37' title="bbox 440 4874 1488 4950; baseline -0.006 -15"><span class='ocrx_word' id='word_1_278' title='bbox 440 4880 559 4948; x_wconf 83' lang='lat' dir='ltr'><strong>Quoties</strong></span> <span class='ocrx_word' id='word_1_279' title='bbox 590 4886 620 4933; x_wconf 87' lang='lat' dir='ltr'><strong>ct</strong></span> <span class='ocrx_word' id='word_1_280' title='bbox 649 4898 702 4950; x_wconf 93' lang='lat' dir='ltr'><strong>pro</strong></span> <span class='ocrx_word' id='word_1_281' title='bbox 733 4880 840 4950; x_wconf 82' lang='lat' dir='ltr'><strong>quibus</strong></span> <span class='ocrx_word' id='word_1_282' title='bbox 871 4880 988 4950; x_wconf 86' lang='lat' dir='ltr'><strong>injuriis</strong></span> <span class='ocrx_word' id='word_1_283' title='bbox 1015 4877 1191 4946; x_wconf 80' lang='lat' dir='ltr'><strong>suffragium</strong></span> <span class='ocrx_word' id='word_1_284' title='bbox 1217 4875 1295 4930; x_wconf 86' lang='lat' dir='ltr'><strong>sedis</strong></span> <span class='ocrx_word' id='word_1_285' title='bbox 1320 4874 1488 4945; x_wconf 83' lang='lat' dir='ltr'><strong>apostolicae</strong></span> 
     </span>
     <span class='ocr_line' id='line_1_38' title="bbox 438 4958 1487 5036; baseline -0.006 -18"><span class='ocrx_word' id='word_1_286' title='bbox 438 4965 702 5036; x_wconf 80' lang='lat' dir='ltr'><strong>imploraverimus,</strong></span> <span class='ocrx_word' id='word_1_287' title='bbox 731 4963 937 5017; x_wconf 86' lang='lat' dir='ltr'><strong>discretionem</strong></span> <span class='ocrx_word' id='word_1_288' title='bbox 966 4967 1096 5016; x_wconf 86' lang='lat' dir='ltr'><strong>vestram</strong></span> <span class='ocrx_word' id='word_1_289' title='bbox 1124 4960 1217 5014; x_wconf 87' lang='lat' dir='ltr'><strong>latere</strong></span> <span class='ocrx_word' id='word_1_290' title='bbox 1246 4976 1304 5014; x_wconf 89' lang='lat' dir='ltr'><strong>non</strong></span> <span class='ocrx_word' id='word_1_291' title='bbox 1329 4958 1487 5014; x_wconf 85' lang='lat' dir='ltr'><strong>credimus.</strong></span> 
     </span>
    </p>

    <p class='ocr_par' dir='ltr' id='par_1_17' title="bbox 440 5042 1519 5119">
     <span class='ocr_line' id='line_1_39' title="bbox 440 5042 1519 5119; baseline -0.006 -16"><span class='ocrx_word' id='word_1_292' title='bbox 440 5049 498 5103; x_wconf 84' lang='lat' dir='ltr'><strong>Sed</strong></span> <span class='ocrx_word' id='word_1_293' title='bbox 530 5055 637 5118; x_wconf 87' lang='lat' dir='ltr'><strong>quanto</strong></span> <span class='ocrx_word' id='word_1_294' title='bbox 668 5047 793 5119; x_wconf 87' lang='lat' dir='ltr'><strong>amplius</strong></span> <span class='ocrx_word' id='word_1_295' title='bbox 823 5046 860 5100; x_wconf 85' lang='lat' dir='ltr'><strong>ad</strong></span> <span class='ocrx_word' id='word_1_296' title='bbox 884 5064 936 5100; x_wconf 81' lang='lat' dir='ltr'><strong>vos</strong></span> <span class='ocrx_word' id='word_1_297' title='bbox 963 5045 1163 5108; x_wconf 81' lang='lat' dir='ltr'><strong>clamavimus,</strong></span> <span class='ocrx_word' id='word_1_298' title='bbox 1196 5061 1230 5098; x_wconf 88' lang='lat' dir='ltr'><strong>eo</strong></span> <span class='ocrx_word' id='word_1_299' title='bbox 1260 5043 1357 5099; x_wconf 87' lang='lat' dir='ltr'><strong>acrius</strong></span> <span class='ocrx_word' id='word_1_300' title='bbox 1388 5042 1519 5097; x_wconf 78' lang='lat' dir='ltr'><strong>afflicti·</strong></span> 
     </span>
    </p>
   </div>
   <div class='ocr_carea' id='block_1_12' title="bbox 437 5125 1488 5291">
    <p class='ocr_par' dir='ltr' id='par_1_18' title="bbox 437 5125 1488 5291">
     <span class='ocr_line' id='line_1_40' title="bbox 437 5125 1488 5202; baseline -0.005 -14"><span class='ocrx_word' id='word_1_301' title='bbox 437 5149 550 5188; x_wconf 87' lang='lat' dir='ltr'><strong>sumus.</strong></span> <span class='ocrx_word' id='word_1_302' title='bbox 590 5131 711 5202; x_wconf 86' lang='lat' dir='ltr'><strong>Semper</strong></span> <span class='ocrx_word' id='word_1_303' title='bbox 746 5137 845 5185; x_wconf 87' lang='lat' dir='ltr'><strong>tamen</strong></span> <span class='ocrx_word' id='word_1_304' title='bbox 874 5129 1057 5201; x_wconf 85' lang='lat' dir='ltr'><strong>speravimus</strong></span> <span class='ocrx_word' id='word_1_305' title='bbox 1093 5127 1172 5199; x_wconf 90' lang='lat' dir='ltr'><strong>quod</strong></span> <span class='ocrx_word' id='word_1_306' title='bbox 1201 5127 1306 5184; x_wconf 87' lang='lat' dir='ltr'><strong>saltem</strong></span> <span class='ocrx_word' id='word_1_307' title='bbox 1330 5125 1488 5199; x_wconf 83' lang='lat' dir='ltr'><strong>aliquando</strong></span> 
     </span>
     <span class='ocr_line' id='line_1_41' title="bbox 528 5236 1356 5291; baseline -0.004 -2"><span class='ocrx_word' id='word_1_308' title='bbox 528 5241 603 5291; x_wconf 83' lang='lat' dir='ltr'>VOL.</span> <span class='ocrx_word' id='word_1_309' title='bbox 627 5240 663 5288; x_wconf 88' lang='lat'><strong>11.</strong></span> <span class='ocrx_word' id='word_1_310' title='bbox 1280 5237 1307 5286; x_wconf 79' lang='lat' dir='ltr'>M</span> <span class='ocrx_word' id='word_1_311' title='bbox 1328 5236 1356 5287; x_wconf 80' lang='grc' dir='ltr'><strong>Μ</strong></span> 
     </span>
    </p>
   </div>
   <div class='ocr_carea' id='block_1_13' title="bbox 0 0 2100 6391">
    <p class='ocr_par' dir='ltr' id='par_1_19' title="bbox 0 0 2100 6391">
     <span class='ocr_line' id='line_1_42' title="bbox 0 0 2100 6391; baseline 0 0"><span class='ocrx_word' id='word_1_312' title='bbox 0 0 2100 6391; x_wconf 95' lang='lat' dir='ltr'><strong> </strong></span> 
     </span>
    </p>
   </div>
  </div>
 </body>
</html>
