4192 6392
653 1163 719 1228 532
934 1174 1107 1223 sentosa
1129 1169 1419 1231 caurusmussss,

504 1350 570 1446 Arg-v
568 1351 627 1445 ¹1¹}
654 1348 786 1422 capituli,
810 1348 885 1404 hano
915 1348 1091 1404 senteutiam
1121 1346 1214 1402 semol
1244 1346 1371 1418 singulis
1408 1346 1493 1402 annis
1531 1347 1664 1418 publice
1696 1353 1727 1404 et

487 1432 600 1502 &mim
608 1458 633 1501 01
655 1434 833 1498 solemniter,
854 1450 921 1489 cum
939 1432 1074 1488 omnibus
1101 1430 1301 1487 sacerdotibus
1320 1431 1454 1502 ejusdem
1471 1432 1618 1503 capituli,
1638 1449 1727 1488 reno-

487 1509 611 1603 ffiflffi
655 1519 746 1574 rabit.

487 1609 594 1653 nmen
692 1603 835 1659 Dominus
852 1601 942 1658 etiam
969 1600 1206 1672 archiepiscopus
1232 1600 1401 1672 procurabit
1425 1598 1505 1672 quod
1522 1599 1593 1656 hoec
1612 1600 1724 1656 consti·

487 1658 632 1762 min
657 1687 733 1743 tutio
758 1705 776 1742 a
803 1686 920 1743 domino
946 1702 1018 1756 roge
1043 1684 1242 1749 confirmetur,
1262 1691 1293 1738 et
1318 1683 1396 1754 qnod
1421 1700 1557 1739 summus
1585 1685 1723 1755 pontifex

489 1773 611 1819 fimb-
658 1776 769 1827 statuet
794 1775 828 1825 ut
852 1785 953 1824 omnes
981 1785 1168 1823 successores
1198 1767 1421 1838 archiepiscopi,
1449 1766 1482 1820 in
1511 1767 1721 1838 receptatione

488 1824 640 1928 lahaim.
656 1854 751 1924 pallii,
777 1856 923 1924 apponant
943 1851 1113 1922 juramento
1140 1868 1203 1916 suo,
1233 1849 1310 1921 quod
1336 1850 1391 1905 hoo
1415 1854 1561 1905 statutum
1587 1851 1720 1907 fideliter

478 1925 635 2028 ffifflgf
657 1943 688 1992 et
704 1937 828 1992 firmiter
844 1934 1048 1990 observabunt.

492 2024 608 2079 tunore

506 2147 629 2193 mnas
677 2125 802 2195 navit.
822 2138 1038 2194 marmores
1057 2136 1226 2192 cosmarus
1244 2136 1471 2194 carcamusas
1490 2153 1605 2193 conum
1624 2153 1700 2193 m·

1031 2235 1170 2275 crnsms
1187 2236 1331 2276 carnum.

607 2359 630 2401 ts
693 2349 722 2406 A
739 2357 870 2422 tempora
897 2349 1057 2406 Theobaldi
1084 2349 1304 2422 archiepiscopi,
1325 2351 1376 2422 qui
1402 2350 1497 2422 primo
1524 2358 1631 2407 mutuo
1649 2369 1715 2424 pos-

490 2408 646 2511 llnrffiffi
658 2435 766 2491 tulavit
784 2435 926 2505 quasdam
951 2433 1090 2489 ecclesias
1114 2433 1152 2487 ad
1173 2451 1246 2505 opus
1264 2435 1447 2499 clericorum,
1466 2435 1509 2490 ita
1525 2441 1561 2490 ut
1578 2437 1714 2508 personis

491 2508 614 2612 &Q
659 2518 866 2575 decedentibus
891 2517 928 2572 ad
952 2535 1005 2573 nos
1032 2522 1233 2572 reverteretur
1258 2535 1359 2573 aarum
1383 2518 1508 2582 donatio,
1536 2519 1659 2575 duravit
1676 2519 1712 2574 lis

488 2569 505 2612 Ρ
659 2604 696 2659 de
721 2602 854 2658 ecclesiis
879 2601 957 2655 inter
984 2599 1236 2672 archiepiscopum
1263 2607 1294 2657 et
1311 2607 1494 2657 conventum.
1541 2601 1712 2658 Conventus

660 2683 738 2739 enirn
764 2702 858 2756 usque
883 2684 920 2739 ad
946 2689 1063 2755 tempus
1091 2683 1251 2739 Theobaldi
1277 2685 1415 2741 ccclesias
1433 2685 1470 2741 do
1487 2687 1632 2742 maneriis
1650 2686 1711 2742 suia

659 2768 835 2833 conferebat,
855 2767 932 2823 siout
949 2767 1186 2839 archiepiscopus
1206 2785 1283 2823 suas.
1322 2769 1431 2824 Beatus
1449 2769 1578 2825 Thomas
1597 2787 1712 2843 compo·

657 2869 727 2906 nere
744 2851 839 2907 voluit
855 2850 892 2906 de
909 2851 1041 2906 ecclesiis
1060 2869 1127 2906 cum
1145 2858 1298 2917 conventu,
1319 2852 1372 2907 sed
1388 2852 1476 2908 exilio
1494 2871 1658 2925 suspensus
1683 2862 1712 2910 et

489 2929 621 2984 Thetim
658 2940 751 2990 morte
779 2940 945 3007 preventus
974 2952 1033 2990 non
1059 2934 1164 3006 potuit.
1220 2935 1363 2991 Ricardus
1399 2936 1638 3008 archiepiscopus
1675 2938 1712 2993 ab

489 2981 625 3084 muln
657 3017 824 3073 Alexandro
852 3035 928 3089 papa
956 3023 1152 3082 consecratus,
1181 3024 1363 3090 praeceptum
1389 3025 1420 3075 ct
1449 3026 1551 3090 postea
1582 3020 1710 3084 litteras.

488 3083 626 3176 {h'gfimh
659 3119 731 3172 quas
749 3101 890 3157 habemus
908 3100 1013 3165 adhuc,
1026 3107 1061 3156 ut
1078 3109 1275 3172 componeret,
1295 3102 1416 3173 accepit,
1436 3102 1487 3172 qui
1505 3109 1608 3158 tamen
1625 3122 1713 3176 quaa·

489 3181 598 3276 {blf'ffi
658 3185 726 3240 dam
751 3184 784 3239 in
809 3202 880 3239 usus
907 3200 1070 3256 pauperum
1096 3183 1221 3240 contulit
1246 3189 1275 3240 et
1301 3185 1498 3251 confir-marim
1528 3203 1604 3256 quas
1622 3187 1712 3260 longo

489 3245 611 3332 chamaal
656 3274 788 3339 ternpore
806 3267 937 3340 possedit
954 3268 1087 3324 ecclesia.
1124 3266 1153 3323 A
1170 3267 1340 3324 Baldeuino
1358 3267 1578 3341 archiepiscopo
1595 3269 1711 3326 Alanus

484 3332 645 3428 mm
657 3353 738 3425 prior
764 3351 843 3424 apud
868 3352 998 3408 Tenham
1025 3369 1125 3408 omnes
1150 3352 1279 3423 repetiit,
1306 3357 1436 3423 tempore
1467 3370 1525 3423 quo
1553 3356 1710 3410 canonicos

658 3438 748 3509 coepit
763 3437 925 3492 instituere.
965 3436 1041 3492 Cum
1066 3436 1160 3507 igitur
1185 3436 1222 3491 lis
1241 3435 1369 3492 nondum
1387 3436 1485 3492 decisa
1503 3436 1544 3492 sit
1560 3438 1639 3493 inter
1656 3456 1711 3495 nos

657 3527 688 3576 et
705 3522 954 3591 archiepiscopum
983 3521 1019 3574 de
1047 3520 1190 3583 ecclesiis,
1214 3521 1359 3591 quomodo
1385 3526 1483 3592 potest
1506 3521 1555 3575 vel
1583 3522 1647 3593 ipse
1674 3523 1710 3578 de

658 3606 695 3659 iis
714 3604 866 3659 canonicos
885 3603 1016 3665 fundaro,
1037 3604 1084 3657 vel
1097 3622 1149 3657 nos
1162 3604 1331 3673 hujusmodi
1344 3605 1506 3659 fundationi
1520 3605 1711 3661 consentire?

694 3687 789 3742 Causa
813 3689 843 3740 in
869 3687 951 3740 ouria
978 3687 1109 3739 Romana
1138 3688 1278 3742 ventilata
1306 3694 1371 3751 est;
1399 3707 1416 3742 o
1437 3707 1471 3742 us
1509 3688 1545 3743 de
1583 3691 1709 3744 consilio

656 3772 780 3825 fratrum
794 3771 974 3841 temporibus
993 3771 1114 3831 Urbani,
1131 3770 1291 3826 Clementis
1310 3778 1340 3826 et
1352 3707 1503 3826 callatim
1522 3771 1712 3837 damnatum

490 3844 553 3936 {th
563 3845 630 3936 Ἢ
657 3863 688 3909 ct
712 3854 812 3908 clcrici
838 3872 855 3906 a
878 3854 1045 3922 juramento
1072 3854 1242 3909 Baldcwino
1272 3855 1402 3926 praestito
1433 3855 1569 3909 absoluti.
1627 3857 1711 3925 Quod

490 3908 596 3987 vdndllle
658 3956 728 4006 crgo
747 3937 782 3990 do
801 3938 922 3991 oonsilio
941 3944 970 3991 et
985 3938 1098 4007 judicio
1123 3939 1210 3992 curiae
1234 3957 1287 4009 pro
1312 3939 1436 3993 ecclesia
1461 3940 1518 3993 ista
1537 3940 1712 3996 factumest

490 3995 605 4097 mac
658 4021 689 4074 in
701 4021 818 4074 irritum
835 4038 982 4085 revocare,
1003 4028 1033 4076 et
1051 4022 1082 4075 in
1100 4024 1278 4077 contrarium
1295 4041 1446 4077 assensum
1458 4024 1599 4093 praebcre.
1614 4031 1712 4080 tutum

658 4123 715 4158 non
733 4105 858 4166 videtur,
880 4112 909 4158 et
928 4123 998 4158 sana
1016 4106 1194 4160 conscientia
1212 4107 1386 4161 faciendum.
1420 4107 1514 4161 Locus
1528 4109 1711 4178 profanat-us,

657 4189 763 4243 litterae
788 4188 819 4242 in
844 4189 961 4242 irritum
987 4197 1141 4253 revocatae,
1161 4190 1307 4245 institutio
1326 4191 1529 4245 canonicorum
1553 4198 1616 4246 tarn
1635 4194 1713 4263 apud

659 4273 796 4334 Lamhco,
824 4290 910 4342 quam
938 4272 1014 4342 apud
1041 4273 1211 4328 Hakintune
1239 4275 1383 4338 damnata,
1416 4281 1445 4329 ct
1474 4294 1510 4329 ne
1539 4277 1712 4346 procederet

462 4361 480 4402 *ι
660 4375 736 4427 saepe
755 4357 887 4411 inhibita.
926 4355 990 4424 Qua
1016 4375 1087 4427 ergo
1114 4359 1280 4413 temeritato
1299 4376 1454 4428 possumus
1473 4377 1524 4413 nos
1544 4362 1713 4415 consentire

659 4442 831 4505 fundationi,
852 4458 940 4511 quam
958 4440 1039 4495 curia
1058 4440 1188 4495 Romana
1206 4442 1334 4496 inhibuit
1352 4448 1380 4496 ct
1398 4442 1567 4497 damnavit?

491 4531 639 4572 norconsent
695 4525 841 4579 Ecclesiae
868 4524 952 4578 nobis
979 4525 1092 4578 ablatas
1120 4525 1129 4578 i
1152 4525 1177 4579 si
1203 4526 1349 4590 detinent;
1377 4545 1436 4580 nun
1459 4544 1526 4579 nam
1574 4544 1712 4583 ossumus

490 4583 537 4671 {120⁰
539 4580 615 4673 {illi}
659 4610 830 4671 consentire,
850 4614 885 4661 ut
903 4608 939 4661 de
959 4608 1060 4678 spoliis
1079 4544 1285 4679 ipsipditcntur
1302 4610 1385 4664 nobis
1405 4544 1517 4664 ablatis.
1554 4544 1573 4596 p

490 4681 585 4723 attnair
693 4692 817 4763 Propter
847 4692 920 4745 hanc
951 4710 1069 4746 causam
1097 4710 1233 4747 aversum
1260 4699 1305 4748 est
1336 4694 1431 4764 primo
1467 4711 1517 4747 cor
1547 4693 1713 4750 Baldcwini

490 4742 595 4782 cmm
658 4772 869 4842 archiepiscopi
907 4790 924 4825 a
961 4772 1054 4834 nobis,
1087 4777 1205 4842 proptor
1241 4773 1314 4827 hanc
1351 4791 1470 4828 causam
1499 4781 1636 4829 mortuus
1667 4786 1712 4831 est

658 4856 806 4909 Honorius
832 4855 921 4925 prior,
949 4862 979 4909 et
1007 4857 1112 4909 fratres
1141 4856 1171 4909 in
1197 4857 1279 4911 ouria
1306 4857 1454 4921 Romana3
1486 4862 1606 4928 propter
1638 4859 1712 4914 hanc

658 4957 775 4994 causam
803 4938 919 5010 spoliati
948 4956 1049 4992 sumus
1075 4939 1210 4994 omnibus
1236 4940 1470 5011 possessionibus
1488 4941 1597 4995 nostris
1617 4943 1712 4997 multo

656 5030 796 5094 ternpore,
823 5030 853 5077 et
878 5022 983 5076 damna
1010 5022 1250 5092 incomparabilia
1274 5023 1460 5094 pertulimus,
1488 5032 1518 5079 et
1545 5025 1711 5081 consimilia

656 5113 708 5161 aut
725 5106 862 5178 graviora
884 5107 1030 5161 timemus.
