<?xml version="1.0" encoding="UTF-8"?>
<!DOCTYPE html PUBLIC "-//W3C//DTD XHTML 1.0 Transitional//EN"
    "http://www.w3.org/TR/xhtml1/DTD/xhtml1-transitional.dtd">
<html xmlns="http://www.w3.org/1999/xhtml" xml:lang="en" lang="en">
 <head>
  <title>
</title>
<meta http-equiv="Content-Type" content="text/html;charset=utf-8" />
  <meta name='ocr-system' content='tesseract 3.04.00' />
  <meta name='ocr-capabilities' content='ocr_page ocr_carea ocr_par ocr_line ocrx_word'/>
</head>
<body>
  <div class='ocr_page' id='page_1' title='image "./epistolaecantua00stubgoog_0528.png"; bbox 0 0 4192 6392; ppageno 0'>
   <div class='ocr_carea' id='block_1_1' title="bbox 608 1188 1374 1265">
    <p class='ocr_par' dir='ltr' id='par_1_1' title="bbox 608 1188 1374 1265">
     <span class='ocr_line' id='line_1_1' title="bbox 608 1188 1374 1265; baseline -0.007 -10"><span class='ocrx_word' id='word_1_1' title='bbox 608 1188 671 1255; x_wconf 79' lang='lat'><strong>326</strong></span> <span class='ocrx_word' id='word_1_2' title='bbox 885 1202 1057 1252; x_wconf 76' lang='lat' dir='ltr'><strong>sauream</strong></span> <span class='ocrx_word' id='word_1_3' title='bbox 1080 1197 1374 1265; x_wconf 75' lang='lat' dir='ltr'><strong>cirresnreuses,</strong></span> 
     </span>
    </p>
   </div>
   <div class='ocr_carea' id='block_1_2' title="bbox 416 1472 1589 1616">
    <p class='ocr_par' dir='ltr' id='par_1_2' title="bbox 416 1472 1589 1616">
     <span class='ocr_line' id='line_1_2' title="bbox 416 1472 1589 1568; baseline -0.003 -38"><span class='ocrx_word' id='word_1_4' title='bbox 416 1509 418 1512; x_wconf 34' lang='lat'><em>⁴</em></span> <span class='ocrx_word' id='word_1_5' title='bbox 461 1473 580 1568; x_wconf 45' lang='lat' dir='ltr'><strong>effluit</strong></span> <span class='ocrx_word' id='word_1_6' title='bbox 675 1474 813 1531; x_wconf 81' lang='lat' dir='ltr'><strong>GCGXL.</strong></span> <span class='ocrx_word' id='word_1_7' title='bbox 852 1476 1019 1531; x_wconf 78' lang='lat' dir='ltr'><strong>Conversus</strong></span> <span class='ocrx_word' id='word_1_8' title='bbox 1038 1476 1266 1532; x_wconf 78' lang='lat' dir='ltr'><strong>Girrusumrsrs</strong></span> <span class='ocrx_word' id='word_1_9' title='bbox 1285 1473 1430 1530; x_wconf 78' lang='lat' dir='ltr'><strong>Gnaeum</strong></span> <span class='ocrx_word' id='word_1_10' title='bbox 1449 1472 1589 1528; x_wconf 73' lang='lat' dir='ltr'><strong>Rormrsr</strong></span> 
     </span>
     <span class='ocr_line' id='line_1_3' title="bbox 1065 1575 1204 1616; baseline 0 -2"><span class='ocrx_word' id='word_1_11' title='bbox 1065 1575 1204 1616; x_wconf 82' lang='lat' dir='ltr'><strong>urrscoro.</strong></span> 
     </span>
    </p>
   </div>
   <div class='ocr_carea' id='block_1_3' title="bbox 443 1690 1661 2017">
    <p class='ocr_par' dir='ltr' id='par_1_3' title="bbox 443 1690 1661 2017">
     <span class='ocr_line' id='line_1_4' title="bbox 444 1690 1658 1764; baseline -0.002 -17"><span class='ocrx_word' id='word_1_12' title='bbox 444 1694 528 1738; x_wconf 65' lang='lat' dir='ltr'><strong>other-t</strong></span> <span class='ocrx_word' id='word_1_13' title='bbox 536 1693 577 1737; x_wconf 61' lang='lat'><strong>2¹1⁰</strong></span> <span class='ocrx_word' id='word_1_14' title='bbox 647 1692 816 1748; x_wconf 87' lang='lat' dir='ltr'><strong>Reverendo</strong></span> <span class='ocrx_word' id='word_1_15' title='bbox 841 1695 917 1764; x_wconf 87' lang='lat' dir='ltr'><strong>patri</strong></span> <span class='ocrx_word' id='word_1_16' title='bbox 945 1701 975 1749; x_wconf 88' lang='lat' dir='ltr'><strong>et</strong></span> <span class='ocrx_word' id='word_1_17' title='bbox 1001 1694 1116 1749; x_wconf 90' lang='lat' dir='ltr'><strong>domino</strong></span> <span class='ocrx_word' id='word_1_18' title='bbox 1144 1693 1284 1758; x_wconf 83' lang='lat' dir='ltr'><strong>Gilberto,</strong></span> <span class='ocrx_word' id='word_1_19' title='bbox 1312 1693 1367 1748; x_wconf 90' lang='lat' dir='ltr'><strong>Dei</strong></span> <span class='ocrx_word' id='word_1_20' title='bbox 1393 1692 1498 1764; x_wconf 81' lang='lat' dir='ltr'><strong>gratia,</strong></span> <span class='ocrx_word' id='word_1_21' title='bbox 1527 1690 1658 1747; x_wconf 84' lang='lat' dir='ltr'><strong>Roffensi</strong></span> 
     </span>
     <span class='ocr_line' id='line_1_5' title="bbox 444 1745 1660 1856; baseline -0.001 -25"><span class='ocrx_word' id='word_1_22' title='bbox 444 1745 564 1856; x_wconf 55' lang='lat' dir='ltr'><strong>ffilifia</strong></span> <span class='ocrx_word' id='word_1_23' title='bbox 612 1777 756 1848; x_wconf 87' lang='lat' dir='ltr'><strong>episcopo,</strong></span> <span class='ocrx_word' id='word_1_24' title='bbox 788 1777 928 1833; x_wconf 88' lang='lat' dir='ltr'><strong>Osbertus</strong></span> <span class='ocrx_word' id='word_1_25' title='bbox 947 1778 1036 1850; x_wconf 89' lang='lat' dir='ltr'><strong>prior,</strong></span> <span class='ocrx_word' id='word_1_26' title='bbox 1063 1785 1093 1834; x_wconf 87' lang='lat' dir='ltr'><strong>et</strong></span> <span class='ocrx_word' id='word_1_27' title='bbox 1116 1786 1273 1833; x_wconf 89' lang='lat' dir='ltr'><strong>conventus</strong></span> <span class='ocrx_word' id='word_1_28' title='bbox 1292 1778 1423 1833; x_wconf 69' lang='lat' dir='ltr'><strong>ecclesiae</strong></span> <span class='ocrx_word' id='word_1_29' title='bbox 1447 1776 1558 1832; x_wconf 75' lang='lat' dir='ltr'><strong>Christi</strong></span> <span class='ocrx_word' id='word_1_30' title='bbox 1584 1774 1660 1831; x_wconf 85' lang='lat' dir='ltr'><strong>Gan·</strong></span> 
     </span>
     <span class='ocr_line' id='line_1_6' title="bbox 443 1846 1659 1939; baseline -0.002 -24"><span class='ocrx_word' id='word_1_31' title='bbox 443 1846 570 1939; x_wconf 52' lang='lat' dir='ltr'><strong>ifflffi</strong></span> <span class='ocrx_word' id='word_1_32' title='bbox 612 1861 778 1925; x_wconf 74' lang='lat' dir='ltr'><strong>turriensis,</strong></span> <span class='ocrx_word' id='word_1_33' title='bbox 807 1861 930 1916; x_wconf 86' lang='lat' dir='ltr'><strong>salutem</strong></span> <span class='ocrx_word' id='word_1_34' title='bbox 957 1863 989 1916; x_wconf 91' lang='lat' dir='ltr'><strong>in</strong></span> <span class='ocrx_word' id='word_1_35' title='bbox 1008 1862 1136 1917; x_wconf 73' lang='lat' dir='ltr'><strong>Salutem</strong></span> <span class='ocrx_word' id='word_1_36' title='bbox 1160 1861 1286 1917; x_wconf 86' lang='lat' dir='ltr'>Domini.</span> <span class='ocrx_word' id='word_1_37' title='bbox 1331 1861 1450 1917; x_wconf 78' lang='lat' dir='ltr'>Auditis</span> <span class='ocrx_word' id='word_1_38' title='bbox 1474 1860 1659 1931; x_wconf 68' lang='lat' dir='ltr'><strong>paternitatis</strong></span> 
     </span>
     <span class='ocr_line' id='line_1_7' title="bbox 444 1943 1661 2017; baseline 0 -19"><span class='ocrx_word' id='word_1_39' title='bbox 444 1946 584 1989; x_wconf 64' lang='lat' dir='ltr'><strong>theuseae</strong></span> <span class='ocrx_word' id='word_1_40' title='bbox 612 1951 718 1999; x_wconf 82' lang='lat' dir='ltr'><strong>vestrae</strong></span> <span class='ocrx_word' id='word_1_41' title='bbox 742 1946 849 2000; x_wconf 88' lang='lat' dir='ltr'><strong>litteris</strong></span> <span class='ocrx_word' id='word_1_42' title='bbox 877 1946 1055 2002; x_wconf 82' lang='lat' dir='ltr'><strong>exhilaratus</strong></span> <span class='ocrx_word' id='word_1_43' title='bbox 1083 1953 1129 2002; x_wconf 92' lang='lat' dir='ltr'><strong>est</strong></span> <span class='ocrx_word' id='word_1_44' title='bbox 1154 1946 1275 2017; x_wconf 90' lang='lat' dir='ltr'><strong>spiritus</strong></span> <span class='ocrx_word' id='word_1_45' title='bbox 1299 1952 1406 2010; x_wconf 88' lang='lat' dir='ltr'><strong>noster,</strong></span> <span class='ocrx_word' id='word_1_46' title='bbox 1435 1950 1465 2000; x_wconf 86' lang='lat' dir='ltr'><strong>et</strong></span> <span class='ocrx_word' id='word_1_47' title='bbox 1488 1951 1603 2000; x_wconf 84' lang='lat' dir='ltr'><strong>erectus</strong></span> <span class='ocrx_word' id='word_1_48' title='bbox 1628 1943 1661 1997; x_wconf 90' lang='lat' dir='ltr'><strong>iu</strong></span> 
     </span>
    </p>
   </div>
   <div class='ocr_carea' id='block_1_4' title="bbox 444 1996 1662 2099">
    <p class='ocr_par' dir='ltr' id='par_1_4' title="bbox 444 1996 1662 2099">
     <span class='ocr_line' id='line_1_8' title="bbox 444 1996 1662 2099; baseline -0.003 -14"><span class='ocrx_word' id='word_1_49' title='bbox 444 1996 585 2099; x_wconf 57' lang='lat' dir='ltr'><strong>ffleihs</strong></span> <span class='ocrx_word' id='word_1_50' title='bbox 614 2027 747 2092; x_wconf 90' lang='lat' dir='ltr'><strong>Domine,</strong></span> <span class='ocrx_word' id='word_1_51' title='bbox 776 2029 867 2085; x_wconf 89' lang='lat' dir='ltr'><strong>Illum</strong></span> <span class='ocrx_word' id='word_1_52' title='bbox 901 2030 1097 2085; x_wconf 88' lang='lat' dir='ltr'><strong>collaudantes</strong></span> <span class='ocrx_word' id='word_1_53' title='bbox 1126 2029 1182 2098; x_wconf 79' lang='lat' dir='ltr'><strong>Qui</strong></span> <span class='ocrx_word' id='word_1_54' title='bbox 1208 2037 1337 2085; x_wconf 86' lang='lat' dir='ltr'><strong>vestrum</strong></span> <span class='ocrx_word' id='word_1_55' title='bbox 1365 2029 1533 2093; x_wconf 87' lang='lat' dir='ltr'><strong>illustravit,</strong></span> <span class='ocrx_word' id='word_1_56' title='bbox 1562 2034 1593 2084; x_wconf 87' lang='lat' dir='ltr'><strong>et</strong></span> <span class='ocrx_word' id='word_1_57' title='bbox 1622 2027 1662 2082; x_wconf 87' lang='lat' dir='ltr'><strong>ad</strong></span> 
     </span>
    </p>
   </div>
   <div class='ocr_carea' id='block_1_5' title="bbox 446 2098 1665 2776">
    <p class='ocr_par' dir='ltr' id='par_1_5' title="bbox 446 2098 1665 2606">
     <span class='ocr_line' id='line_1_9' title="bbox 446 2098 1663 2191; baseline -0.001 -24"><span class='ocrx_word' id='word_1_58' title='bbox 446 2098 601 2191; x_wconf 49' lang='lat' dir='ltr'><strong>fflfflgssn</strong></span> <span class='ocrx_word' id='word_1_59' title='bbox 611 2112 681 2183; x_wconf 89' lang='lat' dir='ltr'><strong>jura</strong></span> <span class='ocrx_word' id='word_1_60' title='bbox 707 2112 924 2170; x_wconf 80' lang='lat' dir='ltr'><strong>Cantuariensis</strong></span> <span class='ocrx_word' id='word_1_61' title='bbox 945 2115 1086 2178; x_wconf 71' lang='lat' dir='ltr'><strong>ecclesias,</strong></span> <span class='ocrx_word' id='word_1_62' title='bbox 1105 2114 1208 2169; x_wconf 88' lang='lat' dir='ltr'><strong>matris</strong></span> <span class='ocrx_word' id='word_1_63' title='bbox 1232 2121 1338 2170; x_wconf 76' lang='lat' dir='ltr'><strong>vestras</strong></span> <span class='ocrx_word' id='word_1_64' title='bbox 1362 2120 1393 2169; x_wconf 90' lang='lat' dir='ltr'><strong>et</strong></span> <span class='ocrx_word' id='word_1_65' title='bbox 1412 2120 1528 2177; x_wconf 82' lang='lat' dir='ltr'><strong>uostrae,</strong></span> <span class='ocrx_word' id='word_1_66' title='bbox 1548 2119 1663 2184; x_wconf 75' lang='lat' dir='ltr'><strong>protes·</strong></span> 
     </span>
     <span class='ocr_line' id='line_1_10' title="bbox 446 2196 1659 2270; baseline 0 -18"><span class='ocrx_word' id='word_1_67' title='bbox 446 2196 604 2242; x_wconf 57' lang='lat' dir='ltr'><strong>“me</strong></span> <span class='ocrx_word' id='word_1_68' title='bbox 614 2196 703 2252; x_wconf 86' lang='lat' dir='ltr'><strong>tenda</strong></span> <span class='ocrx_word' id='word_1_69' title='bbox 721 2198 907 2253; x_wconf 84' lang='lat' dir='ltr'><strong>laudabiliter</strong></span> <span class='ocrx_word' id='word_1_70' title='bbox 924 2200 1064 2270; x_wconf 85' lang='lat' dir='ltr'><strong>provexit.</strong></span> <span class='ocrx_word' id='word_1_71' title='bbox 1104 2198 1233 2254; x_wconf 81' lang='lat' dir='ltr'><strong>Consilio</strong></span> <span class='ocrx_word' id='word_1_72' title='bbox 1251 2199 1348 2270; x_wconf 88' lang='lat' dir='ltr'><strong>itaque</strong></span> <span class='ocrx_word' id='word_1_73' title='bbox 1361 2205 1459 2253; x_wconf 86' lang='lat' dir='ltr'><strong>vestro</strong></span> <span class='ocrx_word' id='word_1_74' title='bbox 1471 2197 1659 2260; x_wconf 74' lang='lat' dir='ltr'><strong>emendato,</strong></span> 
     </span>
     <span class='ocr_line' id='line_1_11' title="bbox 446 2246 1661 2354; baseline 0.001 -20"><span class='ocrx_word' id='word_1_75' title='bbox 446 2246 566 2341; x_wconf 51' lang='lat' dir='ltr'><strong>imin</strong></span> <span class='ocrx_word' id='word_1_76' title='bbox 615 2287 703 2353; x_wconf 90' lang='lat' dir='ltr'><strong>prout</strong></span> <span class='ocrx_word' id='word_1_77' title='bbox 728 2281 892 2348; x_wconf 86' lang='lat' dir='ltr'><strong>debuimus,</strong></span> <span class='ocrx_word' id='word_1_78' title='bbox 912 2284 1153 2354; x_wconf 87' lang='lat' dir='ltr'><strong>obtemperantes,</strong></span> <span class='ocrx_word' id='word_1_79' title='bbox 1183 2283 1354 2352; x_wconf 75' lang='lat' dir='ltr'>scripsimus</span> <span class='ocrx_word' id='word_1_80' title='bbox 1381 2283 1521 2338; x_wconf 80' lang='lat' dir='ltr'><strong>fratribus</strong></span> <span class='ocrx_word' id='word_1_81' title='bbox 1550 2281 1661 2336; x_wconf 82' lang='lat' dir='ltr'><strong>nestris</strong></span> 
     </span>
     <span class='ocr_line' id='line_1_12' title="bbox 448 2348 1663 2439; baseline 0 -19"><span class='ocrx_word' id='word_1_82' title='bbox 448 2348 597 2404; x_wconf 56' lang='lat' dir='ltr'><strong>mmm·</strong></span> <span class='ocrx_word' id='word_1_83' title='bbox 616 2384 688 2436; x_wconf 73' lang='lat' dir='ltr'><strong>quos</strong></span> <span class='ocrx_word' id='word_1_84' title='bbox 714 2367 750 2421; x_wconf 79' lang='lat' dir='ltr'><strong>oe</strong></span> <span class='ocrx_word' id='word_1_85' title='bbox 776 2367 843 2422; x_wconf 73' lang='lat' dir='ltr'><strong>aas</strong></span> <span class='ocrx_word' id='word_1_86' title='bbox 868 2369 994 2439; x_wconf 78' lang='lat' dir='ltr'><strong>negotiis</strong></span> <span class='ocrx_word' id='word_1_87' title='bbox 1013 2368 1191 2423; x_wconf 67' lang='lat' dir='ltr'><strong>emaum</strong></span> <span class='ocrx_word' id='word_1_88' title='bbox 1217 2367 1443 2432; x_wconf 68' lang='lat' dir='ltr'><strong>transmisimus,</strong></span> <span class='ocrx_word' id='word_1_89' title='bbox 1463 2373 1497 2421; x_wconf 76' lang='lat' dir='ltr'><strong>ut</strong></span> <span class='ocrx_word' id='word_1_90' title='bbox 1519 2366 1578 2437; x_wconf 81' lang='lat' dir='ltr'><strong>ipsi</strong></span> <span class='ocrx_word' id='word_1_91' title='bbox 1595 2365 1663 2420; x_wconf 75' lang='lat' dir='ltr'><strong>vioe</strong></span> 
     </span>
     <span class='ocr_line' id='line_1_13' title="bbox 551 2451 1663 2524; baseline 0 -19"><span class='ocrx_word' id='word_1_92' title='bbox 551 2500 553 2505; x_wconf 92' lang='lat'><em>.</em></span> <span class='ocrx_word' id='word_1_93' title='bbox 615 2456 715 2506; x_wconf 92' lang='lat' dir='ltr'><strong>nostra</strong></span> <span class='ocrx_word' id='word_1_94' title='bbox 738 2452 962 2522; x_wconf 77' lang='lat' dir='ltr'><strong>appellationem</strong></span> <span class='ocrx_word' id='word_1_95' title='bbox 987 2452 1070 2524; x_wconf 88' lang='lat' dir='ltr'><strong>prius</strong></span> <span class='ocrx_word' id='word_1_96' title='bbox 1095 2451 1202 2506; x_wconf 82' lang='lat' dir='ltr'><strong>factam</strong></span> <span class='ocrx_word' id='word_1_97' title='bbox 1226 2469 1322 2506; x_wconf 87' lang='lat' dir='ltr'><strong>coram</strong></span> <span class='ocrx_word' id='word_1_98' title='bbox 1340 2451 1438 2522; x_wconf 82' lang='lat' dir='ltr'><strong>legato</strong></span> <span class='ocrx_word' id='word_1_99' title='bbox 1456 2451 1604 2514; x_wconf 88' lang='lat' dir='ltr'><strong>innovent,</strong></span> <span class='ocrx_word' id='word_1_100' title='bbox 1622 2467 1663 2505; x_wconf 89' lang='lat' dir='ltr'><strong>ne</strong></span> 
     </span>
     <span class='ocr_line' id='line_1_14' title="bbox 615 2534 1665 2606; baseline -0.001 -16"><span class='ocrx_word' id='word_1_101' title='bbox 615 2535 831 2606; x_wconf 83' lang='lat' dir='ltr'><strong>Wigornieusis</strong></span> <span class='ocrx_word' id='word_1_102' title='bbox 851 2537 961 2592; x_wconf 88' lang='lat' dir='ltr'><strong>electus</strong></span> <span class='ocrx_word' id='word_1_103' title='bbox 980 2537 1054 2592; x_wconf 88' lang='lat' dir='ltr'><strong>alias</strong></span> <span class='ocrx_word' id='word_1_104' title='bbox 1073 2554 1160 2606; x_wconf 88' lang='lat' dir='ltr'><strong>quam</strong></span> <span class='ocrx_word' id='word_1_105' title='bbox 1178 2537 1210 2590; x_wconf 89' lang='lat' dir='ltr'><strong>in</strong></span> <span class='ocrx_word' id='word_1_106' title='bbox 1233 2537 1358 2591; x_wconf 85' lang='lat' dir='ltr'><strong>eeclesia</strong></span> <span class='ocrx_word' id='word_1_107' title='bbox 1381 2534 1594 2599; x_wconf 70' lang='lat' dir='ltr'><strong>cantuariensi,</strong></span> <span class='ocrx_word' id='word_1_108' title='bbox 1612 2534 1665 2589; x_wconf 85' lang='lat' dir='ltr'><strong>vel</strong></span> 
     </span>
    </p>

    <p class='ocr_par' dir='ltr' id='par_1_6' title="bbox 616 2619 1665 2776">
     <span class='ocr_line' id='line_1_15' title="bbox 616 2619 1664 2692; baseline 0 -19"><span class='ocrx_word' id='word_1_109' title='bbox 616 2620 653 2674; x_wconf 88' lang='lat' dir='ltr'><strong>ab</strong></span> <span class='ocrx_word' id='word_1_110' title='bbox 683 2619 739 2674; x_wconf 88' lang='lat' dir='ltr'><strong>alio</strong></span> <span class='ocrx_word' id='word_1_111' title='bbox 770 2638 857 2691; x_wconf 90' lang='lat' dir='ltr'><strong>quam</strong></span> <span class='ocrx_word' id='word_1_112' title='bbox 888 2639 905 2675; x_wconf 89' lang='lat' dir='ltr'><strong>a</strong></span> <span class='ocrx_word' id='word_1_113' title='bbox 931 2620 1022 2684; x_wconf 83' lang='lat' dir='ltr'><strong>vobis,</strong></span> <span class='ocrx_word' id='word_1_114' title='bbox 1051 2620 1182 2692; x_wconf 87' lang='lat' dir='ltr'><strong>ejusdem</strong></span> <span class='ocrx_word' id='word_1_115' title='bbox 1213 2619 1343 2675; x_wconf 84' lang='lat' dir='ltr'><strong>ecelesiae</strong></span> <span class='ocrx_word' id='word_1_116' title='bbox 1370 2620 1528 2691; x_wconf 86' lang='lat' dir='ltr'><strong>capellano,</strong></span> <span class='ocrx_word' id='word_1_117' title='bbox 1555 2635 1664 2674; x_wconf 88' lang='lat' dir='ltr'><strong>munus</strong></span> 
     </span>
     <span class='ocr_line' id='line_1_16' title="bbox 617 2702 1665 2776; baseline -0.001 -17"><span class='ocrx_word' id='word_1_118' title='bbox 617 2704 842 2759; x_wconf 87' lang='lat' dir='ltr'><strong>consecrationis</strong></span> <span class='ocrx_word' id='word_1_119' title='bbox 860 2704 1011 2775; x_wconf 85' lang='lat' dir='ltr'><strong>percipiat.</strong></span> <span class='ocrx_word' id='word_1_120' title='bbox 1050 2703 1156 2760; x_wconf 87' lang='lat' dir='ltr'><strong>Valeat</strong></span> <span class='ocrx_word' id='word_1_121' title='bbox 1174 2705 1334 2776; x_wconf 87' lang='lat' dir='ltr'><strong>paternitas</strong></span> <span class='ocrx_word' id='word_1_122' title='bbox 1358 2711 1464 2769; x_wconf 88' lang='lat' dir='ltr'><strong>vestra,</strong></span> <span class='ocrx_word' id='word_1_123' title='bbox 1485 2709 1515 2760; x_wconf 89' lang='lat' dir='ltr'><strong>st</strong></span> <span class='ocrx_word' id='word_1_124' title='bbox 1533 2702 1665 2775; x_wconf 79' lang='lat' dir='ltr'><strong>Spiritus</strong></span> 
     </span>
    </p>
   </div>
   <div class='ocr_carea' id='block_1_6' title="bbox 618 2787 1440 2859">
    <p class='ocr_par' dir='ltr' id='par_1_7' title="bbox 618 2787 1440 2859">
     <span class='ocr_line' id='line_1_17' title="bbox 618 2787 1440 2859; baseline 0 -16"><span class='ocrx_word' id='word_1_125' title='bbox 618 2787 718 2843; x_wconf 84' lang='lat' dir='ltr'><strong>Sancti</strong></span> <span class='ocrx_word' id='word_1_126' title='bbox 738 2788 835 2859; x_wconf 81' lang='lat' dir='ltr'><strong>gratia</strong></span> <span class='ocrx_word' id='word_1_127' title='bbox 852 2794 1022 2858; x_wconf 85' lang='lat' dir='ltr'><strong>promoveat</strong></span> <span class='ocrx_word' id='word_1_128' title='bbox 1039 2788 1089 2859; x_wconf 90' lang='lat' dir='ltr'><strong>pia</strong></span> <span class='ocrx_word' id='word_1_129' title='bbox 1105 2793 1174 2843; x_wconf 81' lang='lat' dir='ltr'><strong>rota</strong></span> <span class='ocrx_word' id='word_1_130' title='bbox 1190 2795 1299 2844; x_wconf 77' lang='lat' dir='ltr'><strong>vestra.</strong></span> <span class='ocrx_word' id='word_1_131' title='bbox 1337 2787 1440 2844; x_wconf 85' lang='lat' dir='ltr'><strong>Arnen.</strong></span> 
     </span>
    </p>
   </div>
   <div class='ocr_carea' id='block_1_7' title="bbox 485 3036 1605 3178">
    <p class='ocr_par' dir='ltr' id='par_1_8' title="bbox 485 3036 1605 3178">
     <span class='ocr_line' id='line_1_18' title="bbox 485 3036 1605 3095; baseline -0.004 1"><span class='ocrx_word' id='word_1_132' title='bbox 485 3040 572 3088; x_wconf 75' lang='lat' dir='ltr'><strong>namu</strong></span> <span class='ocrx_word' id='word_1_133' title='bbox 679 3039 834 3095; x_wconf 72' lang='lat' dir='ltr'><strong>cecum.</strong></span> <span class='ocrx_word' id='word_1_134' title='bbox 874 3040 1041 3095; x_wconf 77' lang='lat' dir='ltr'><strong>Corrrrrcs</strong></span> <span class='ocrx_word' id='word_1_135' title='bbox 1062 3039 1290 3094; x_wconf 74' lang='lat' dir='ltr'><strong>Cirrumrnrsrs</strong></span> <span class='ocrx_word' id='word_1_136' title='bbox 1308 3036 1466 3092; x_wconf 79' lang='lat' dir='ltr'><strong>Wrmnnuo</strong></span> <span class='ocrx_word' id='word_1_137' title='bbox 1485 3038 1605 3091; x_wconf 75' lang='lat' dir='ltr'><strong>Ermum</strong></span> 
     </span>
     <span class='ocr_line' id='line_1_19' title="bbox 984 3138 1295 3178; baseline 0 -1"><span class='ocrx_word' id='word_1_138' title='bbox 984 3138 1113 3178; x_wconf 83' lang='lat' dir='ltr'><strong>nrrscoro</strong></span> <span class='ocrx_word' id='word_1_139' title='bbox 1132 3139 1164 3176; x_wconf 85' lang='lat' dir='ltr'><strong>nr</strong></span> <span class='ocrx_word' id='word_1_140' title='bbox 1183 3139 1295 3177; x_wconf 73' lang='lat' dir='ltr'><strong>suerro.</strong></span> 
     </span>
    </p>
   </div>
   <div class='ocr_carea' id='block_1_8' title="bbox 452 3248 1788 3506">
    <p class='ocr_par' dir='ltr' id='par_1_9' title="bbox 452 3248 1788 3506">
     <span class='ocr_line' id='line_1_20' title="bbox 453 3248 1788 3316; baseline -0.001 -14"><span class='ocrx_word' id='word_1_141' title='bbox 453 3260 606 3304; x_wconf 61' lang='lat' dir='ltr'><strong>recenant</strong></span> <span class='ocrx_word' id='word_1_142' title='bbox 654 3252 833 3307; x_wconf 83' lang='lat' dir='ltr'><strong>Reverendis</strong></span> <span class='ocrx_word' id='word_1_143' title='bbox 860 3253 891 3307; x_wconf 91' lang='lat' dir='ltr'><strong>in</strong></span> <span class='ocrx_word' id='word_1_144' title='bbox 917 3253 1033 3308; x_wconf 84' lang='lat' dir='ltr'><strong>Christo</strong></span> <span class='ocrx_word' id='word_1_145' title='bbox 1060 3252 1184 3307; x_wconf 90' lang='lat' dir='ltr'><strong>dominis</strong></span> <span class='ocrx_word' id='word_1_146' title='bbox 1209 3260 1239 3307; x_wconf 88' lang='lat' dir='ltr'><strong>et</strong></span> <span class='ocrx_word' id='word_1_147' title='bbox 1258 3251 1407 3316; x_wconf 83' lang='lat' dir='ltr'><strong>fratribus,</strong></span> <span class='ocrx_word' id='word_1_148' title='bbox 1428 3250 1587 3314; x_wconf 86' lang='lat' dir='ltr'><strong>Willelrno,</strong></span> <span class='ocrx_word' id='word_1_149' title='bbox 1609 3248 1667 3303; x_wconf 87' lang='lat' dir='ltr'><strong>Dei</strong></span> <span class='ocrx_word' id='word_1_150' title='bbox 1681 3257 1788 3307; x_wconf 69' lang='lat' dir='ltr'><strong>Gervase,</strong></span> 
     </span>
     <span class='ocr_line' id='line_1_21' title="bbox 452 3310 1739 3414; baseline -0.005 -20"><span class='ocrx_word' id='word_1_151' title='bbox 452 3312 590 3414; x_wconf 54' lang='lat' dir='ltr'><strong>ffltths</strong></span> <span class='ocrx_word' id='word_1_152' title='bbox 620 3339 725 3410; x_wconf 83' lang='lat' dir='ltr'><strong>gratia,</strong></span> <span class='ocrx_word' id='word_1_153' title='bbox 753 3337 866 3392; x_wconf 87' lang='lat' dir='ltr'><strong>Eliensi</strong></span> <span class='ocrx_word' id='word_1_154' title='bbox 892 3338 1035 3409; x_wconf 87' lang='lat' dir='ltr'><strong>episeopo,</strong></span> <span class='ocrx_word' id='word_1_155' title='bbox 1063 3337 1228 3408; x_wconf 81' lang='lat' dir='ltr'><strong>apostolicae</strong></span> <span class='ocrx_word' id='word_1_156' title='bbox 1255 3336 1332 3392; x_wconf 86' lang='lat' dir='ltr'><strong>sedis</strong></span> <span class='ocrx_word' id='word_1_157' title='bbox 1360 3337 1467 3407; x_wconf 81' lang='lat' dir='ltr'><strong>legato,</strong></span> <span class='ocrx_word' id='word_1_158' title='bbox 1497 3342 1527 3390; x_wconf 91' lang='lat' dir='ltr'><strong>et</strong></span> <span class='ocrx_word' id='word_1_159' title='bbox 1553 3310 1739 3389; x_wconf 51' lang='lat' dir='ltr'><strong>dominium·</strong></span> 
     </span>
     <span class='ocr_line' id='line_1_22' title="bbox 452 3414 1667 3506; baseline -0.007 -25"><span class='ocrx_word' id='word_1_160' title='bbox 452 3414 607 3506; x_wconf 44' lang='lat' dir='ltr'><strong>mg?</strong></span> <span class='ocrx_word' id='word_1_161' title='bbox 621 3422 700 3492; x_wconf 78' lang='lat' dir='ltr'><strong>regis</strong></span> <span class='ocrx_word' id='word_1_162' title='bbox 726 3422 909 3487; x_wconf 87' lang='lat' dir='ltr'><strong>cancellario,</strong></span> <span class='ocrx_word' id='word_1_163' title='bbox 930 3422 1102 3493; x_wconf 75' lang='lat' dir='ltr'><strong>eaeterisque</strong></span> <span class='ocrx_word' id='word_1_164' title='bbox 1127 3421 1270 3492; x_wconf 84' lang='lat' dir='ltr'><strong>episcopis</strong></span> <span class='ocrx_word' id='word_1_165' title='bbox 1290 3420 1508 3476; x_wconf 81' lang='lat' dir='ltr'><strong>Cantuarieusis</strong></span> <span class='ocrx_word' id='word_1_166' title='bbox 1534 3419 1667 3475; x_wconf 78' lang='lat' dir='ltr'><strong>ecclcsiae</strong></span> 
     </span>
    </p>
   </div>
   <div class='ocr_carea' id='block_1_9' title="bbox 453 3503 1669 3656">
    <p class='ocr_par' dir='ltr' id='par_1_10' title="bbox 453 3503 1669 3656">
     <span class='ocr_line' id='line_1_23' title="bbox 453 3503 1666 3578; baseline 0.004 -24"><span class='ocrx_word' id='word_1_167' title='bbox 453 3513 609 3557; x_wconf 82' lang='lat' dir='ltr'><strong>orworecstcr</strong></span> <span class='ocrx_word' id='word_1_168' title='bbox 622 3506 822 3577; x_wconf 82' lang='lat' dir='ltr'><strong>suffraganeis,</strong></span> <span class='ocrx_word' id='word_1_169' title='bbox 834 3506 974 3562; x_wconf 89' lang='lat' dir='ltr'><strong>Osbertus</strong></span> <span class='ocrx_word' id='word_1_170' title='bbox 984 3508 1074 3578; x_wconf 89' lang='lat' dir='ltr'><strong>prior,</strong></span> <span class='ocrx_word' id='word_1_171' title='bbox 1084 3513 1114 3561; x_wconf 88' lang='lat' dir='ltr'><strong>et</strong></span> <span class='ocrx_word' id='word_1_172' title='bbox 1125 3511 1283 3560; x_wconf 80' lang='lat' dir='ltr'><strong>conventus</strong></span> <span class='ocrx_word' id='word_1_173' title='bbox 1296 3505 1426 3560; x_wconf 75' lang='lat' dir='ltr'><strong>ecelesiae</strong></span> <span class='ocrx_word' id='word_1_174' title='bbox 1436 3503 1666 3568; x_wconf 77' lang='lat' dir='ltr'><strong>centuariensis.</strong></span> 
     </span>
     <span class='ocr_line' id='line_1_24' title="bbox 453 3564 1669 3656; baseline 0 -14"><span class='ocrx_word' id='word_1_175' title='bbox 453 3564 574 3656; x_wconf 46' lang='lat' dir='ltr'><strong>{effligere</strong></span> <span class='ocrx_word' id='word_1_176' title='bbox 623 3590 745 3644; x_wconf 83' lang='lat' dir='ltr'><strong>salutem</strong></span> <span class='ocrx_word' id='word_1_177' title='bbox 765 3592 800 3645; x_wconf 85' lang='lat' dir='ltr'><strong>ab</strong></span> <span class='ocrx_word' id='word_1_178' title='bbox 813 3592 940 3646; x_wconf 86' lang='lat' dir='ltr'><strong>Auctore</strong></span> <span class='ocrx_word' id='word_1_179' title='bbox 960 3592 1072 3646; x_wconf 86' lang='lat' dir='ltr'><strong>salutis.</strong></span> <span class='ocrx_word' id='word_1_180' title='bbox 1109 3590 1233 3644; x_wconf 86' lang='lat' dir='ltr'><strong>Noverit</strong></span> <span class='ocrx_word' id='word_1_181' title='bbox 1252 3590 1418 3644; x_wconf 82' lang='lat' dir='ltr'><strong>fraternitas</strong></span> <span class='ocrx_word' id='word_1_182' title='bbox 1443 3597 1541 3643; x_wconf 86' lang='lat' dir='ltr'><strong>restra</strong></span> <span class='ocrx_word' id='word_1_183' title='bbox 1558 3607 1611 3643; x_wconf 89' lang='lat' dir='ltr'><strong>nos</strong></span> <span class='ocrx_word' id='word_1_184' title='bbox 1631 3587 1669 3642; x_wconf 85' lang='lat' dir='ltr'><strong>ed</strong></span> 
     </span>
    </p>
   </div>
   <div class='ocr_carea' id='block_1_10' title="bbox 454 3665 1668 4083">
    <p class='ocr_par' dir='ltr' id='par_1_11' title="bbox 454 3665 1668 4083">
     <span class='ocr_line' id='line_1_25' title="bbox 454 3665 1667 3747; baseline 0.001 -20"><span class='ocrx_word' id='word_1_185' title='bbox 454 3665 604 3717; x_wconf 77' lang='lat' dir='ltr'><strong>eanterbury.</strong></span> <span class='ocrx_word' id='word_1_186' title='bbox 623 3673 721 3737; x_wconf 82' lang='lat' dir='ltr'><strong>sedern</strong></span> <span class='ocrx_word' id='word_1_187' title='bbox 749 3675 909 3745; x_wconf 83' lang='lat' dir='ltr'><strong>appellasse</strong></span> <span class='ocrx_word' id='word_1_188' title='bbox 938 3676 1134 3747; x_wconf 83' lang='lat' dir='ltr'><strong>apostolicam,</strong></span> <span class='ocrx_word' id='word_1_189' title='bbox 1158 3693 1193 3729; x_wconf 90' lang='lat' dir='ltr'><strong>ne</strong></span> <span class='ocrx_word' id='word_1_190' title='bbox 1214 3674 1426 3744; x_wconf 72' lang='lat' dir='ltr'><strong>wigorniensis</strong></span> <span class='ocrx_word' id='word_1_191' title='bbox 1459 3674 1567 3728; x_wconf 87' lang='lat' dir='ltr'><strong>electus</strong></span> <span class='ocrx_word' id='word_1_192' title='bbox 1594 3673 1667 3728; x_wconf 86' lang='lat' dir='ltr'><strong>alies</strong></span> 
     </span>
     <span class='ocr_line' id='line_1_26' title="bbox 622 3759 1665 3827; baseline 0.001 -16"><span class='ocrx_word' id='word_1_193' title='bbox 622 3777 710 3827; x_wconf 85' lang='lat' dir='ltr'><strong>quam</strong></span> <span class='ocrx_word' id='word_1_194' title='bbox 737 3759 766 3811; x_wconf 90' lang='lat' dir='ltr'><strong>in</strong></span> <span class='ocrx_word' id='word_1_195' title='bbox 792 3759 914 3813; x_wconf 88' lang='lat' dir='ltr'><strong>ccclesia</strong></span> <span class='ocrx_word' id='word_1_196' title='bbox 939 3759 1153 3823; x_wconf 85' lang='lat' dir='ltr'><strong>Cantuaricnsi‚</strong></span> <span class='ocrx_word' id='word_1_197' title='bbox 1174 3759 1251 3813; x_wconf 89' lang='lat' dir='ltr'><strong>sicut</strong></span> <span class='ocrx_word' id='word_1_198' title='bbox 1275 3759 1365 3813; x_wconf 87' lang='lat' dir='ltr'><strong>moris</strong></span> <span class='ocrx_word' id='word_1_199' title='bbox 1393 3764 1446 3823; x_wconf 89' lang='lat' dir='ltr'><strong>est,</strong></span> <span class='ocrx_word' id='word_1_200' title='bbox 1469 3765 1665 3823; x_wconf 84' lang='lat' dir='ltr'><strong>consecretur,</strong></span> 
     </span>
     <span class='ocr_line' id='line_1_27' title="bbox 623 3842 1668 3913; baseline 0 -17"><span class='ocrx_word' id='word_1_201' title='bbox 623 3850 653 3896; x_wconf 87' lang='lat' dir='ltr'><strong>et</strong></span> <span class='ocrx_word' id='word_1_202' title='bbox 677 3860 713 3896; x_wconf 86' lang='lat' dir='ltr'><strong>uc</strong></span> <span class='ocrx_word' id='word_1_203' title='bbox 741 3843 807 3913; x_wconf 88' lang='lat' dir='ltr'><strong>quis</strong></span> <span class='ocrx_word' id='word_1_204' title='bbox 832 3849 974 3907; x_wconf 88' lang='lat' dir='ltr'><strong>vestrum,</strong></span> <span class='ocrx_word' id='word_1_205' title='bbox 996 3843 1046 3913; x_wconf 89' lang='lat' dir='ltr'><strong>qui</strong></span> <span class='ocrx_word' id='word_1_206' title='bbox 1074 3843 1259 3897; x_wconf 88' lang='lat' dir='ltr'><strong>indemnitati</strong></span> <span class='ocrx_word' id='word_1_207' title='bbox 1290 3843 1419 3898; x_wconf 73' lang='lat' dir='ltr'><strong>ccclesiae</strong></span> <span class='ocrx_word' id='word_1_208' title='bbox 1448 3842 1668 3897; x_wconf 87' lang='lat' dir='ltr'><strong>Cantuericnsis</strong></span> 
     </span>
     <span class='ocr_line' id='line_1_28' title="bbox 622 3925 1668 3998; baseline 0 -17"><span class='ocrx_word' id='word_1_209' title='bbox 622 3926 739 3982; x_wconf 85' lang='lat' dir='ltr'><strong>vinculo</strong></span> <span class='ocrx_word' id='word_1_210' title='bbox 765 3927 953 3996; x_wconf 86' lang='lat' dir='ltr'><strong>professionis</strong></span> <span class='ocrx_word' id='word_1_211' title='bbox 972 3925 1125 3997; x_wconf 83' lang='lat' dir='ltr'><strong>providere</strong></span> <span class='ocrx_word' id='word_1_212' title='bbox 1144 3926 1292 3991; x_wconf 86' lang='lat' dir='ltr'><strong>tenemini,</strong></span> <span class='ocrx_word' id='word_1_213' title='bbox 1314 3929 1385 3982; x_wconf 87' lang='lat' dir='ltr'><strong>alias</strong></span> <span class='ocrx_word' id='word_1_214' title='bbox 1405 3945 1492 3998; x_wconf 87' lang='lat' dir='ltr'><strong>quam</strong></span> <span class='ocrx_word' id='word_1_215' title='bbox 1510 3928 1541 3982; x_wconf 92' lang='lat' dir='ltr'><strong>in</strong></span> <span class='ocrx_word' id='word_1_216' title='bbox 1565 3927 1668 3983; x_wconf 89' lang='lat' dir='ltr'><strong>eadem</strong></span> 
     </span>
     <span class='ocr_line' id='line_1_29' title="bbox 622 4010 1400 4083; baseline 0.001 -17"><span class='ocrx_word' id='word_1_217' title='bbox 622 4011 746 4066; x_wconf 87' lang='lat' dir='ltr'><strong>ecclesia</strong></span> <span class='ocrx_word' id='word_1_218' title='bbox 764 4010 827 4080; x_wconf 83' lang='lat' dir='ltr'><strong>ejus</strong></span> <span class='ocrx_word' id='word_1_219' title='bbox 845 4011 1054 4068; x_wconf 84' lang='lat' dir='ltr'><strong>consecrationi</strong></span> <span class='ocrx_word' id='word_1_220' title='bbox 1071 4011 1216 4068; x_wconf 83' lang='lat' dir='ltr'><strong>interesse</strong></span> <span class='ocrx_word' id='word_1_221' title='bbox 1234 4019 1400 4083; x_wconf 77' lang='lat' dir='ltr'><strong>praesumat.</strong></span> 
     </span>
    </p>
   </div>
   <div class='ocr_carea' id='block_1_11' title="bbox 475 4269 1606 4411">
    <p class='ocr_par' dir='ltr' id='par_1_12' title="bbox 475 4269 1606 4411">
     <span class='ocr_line' id='line_1_30' title="bbox 475 4269 1606 4336; baseline 0 -12"><span class='ocrx_word' id='word_1_222' title='bbox 475 4276 595 4324; x_wconf 68' lang='lat' dir='ltr'><strong>trachia.</strong></span> <span class='ocrx_word' id='word_1_223' title='bbox 691 4269 863 4327; x_wconf 77' lang='lat' dir='ltr'>CCCXLH.</span> <span class='ocrx_word' id='word_1_224' title='bbox 900 4270 1084 4336; x_wconf 62' lang='lat' dir='ltr'><strong>wileneus,</strong></span> <span class='ocrx_word' id='word_1_225' title='bbox 1105 4270 1240 4326; x_wconf 79' lang='lat' dir='ltr'><strong>Enrursrs</strong></span> <span class='ocrx_word' id='word_1_226' title='bbox 1259 4285 1404 4326; x_wconf 79' lang='lat' dir='ltr'><strong>rrrsrerrs</strong></span> <span class='ocrx_word' id='word_1_227' title='bbox 1424 4282 1456 4324; x_wconf 81' lang='lat' dir='ltr'><strong>rr</strong></span> <span class='ocrx_word' id='word_1_228' title='bbox 1475 4285 1606 4336; x_wconf 73' lang='lat' dir='ltr'><strong>areius,</strong></span> 
     </span>
     <span class='ocr_line' id='line_1_31' title="bbox 938 4357 1346 4411; baseline 0.002 -1"><span class='ocrx_word' id='word_1_229' title='bbox 938 4357 1102 4410; x_wconf 66' lang='lat' dir='ltr'><strong>Contemni</strong></span> <span class='ocrx_word' id='word_1_230' title='bbox 1124 4358 1346 4411; x_wconf 59' lang='lat' dir='ltr'><strong>Oli-remum.</strong></span> 
     </span>
    </p>
   </div>
   <div class='ocr_carea' id='block_1_12' title="bbox 457 4492 1671 4651">
    <p class='ocr_par' dir='ltr' id='par_1_13' title="bbox 457 4492 1671 4651">
     <span class='ocr_line' id='line_1_32' title="bbox 458 4492 1671 4564; baseline -0.003 -13"><span class='ocrx_word' id='word_1_231' title='bbox 458 4496 596 4550; x_wconf 71' lang='lat' dir='ltr'><strong>Tristishop</strong></span> <span class='ocrx_word' id='word_1_232' title='bbox 662 4493 836 4557; x_wconf 83' lang='lat' dir='ltr'><strong>Willelmus,</strong></span> <span class='ocrx_word' id='word_1_233' title='bbox 860 4492 914 4547; x_wconf 88' lang='lat' dir='ltr'><strong>Dei</strong></span> <span class='ocrx_word' id='word_1_234' title='bbox 942 4495 1045 4564; x_wconf 82' lang='lat' dir='ltr'><strong>gratia,</strong></span> <span class='ocrx_word' id='word_1_235' title='bbox 1066 4493 1193 4548; x_wconf 82' lang='lat' dir='ltr'><strong>Eliensis</strong></span> <span class='ocrx_word' id='word_1_236' title='bbox 1220 4493 1381 4564; x_wconf 88' lang='lat' dir='ltr'><strong>episcopus,</strong></span> <span class='ocrx_word' id='word_1_237' title='bbox 1405 4494 1570 4564; x_wconf 76' lang='lat' dir='ltr'><strong>apostolieae</strong></span> <span class='ocrx_word' id='word_1_238' title='bbox 1593 4493 1671 4547; x_wconf 78' lang='lat' dir='ltr'><strong>sedis</strong></span> 
     </span>
     <span class='ocr_line' id='line_1_33' title="bbox 457 4548 1670 4651; baseline 0 -18"><span class='ocrx_word' id='word_1_239' title='bbox 457 4548 613 4642; x_wconf 52' lang='lat' dir='ltr'><strong>iiciiieiiaiho</strong></span> <span class='ocrx_word' id='word_1_240' title='bbox 625 4580 750 4651; x_wconf 68' lang='lat' dir='ltr'><strong>legatus</strong></span> <span class='ocrx_word' id='word_1_241' title='bbox 766 4588 795 4634; x_wconf 88' lang='lat' dir='ltr'><strong>et</strong></span> <span class='ocrx_word' id='word_1_242' title='bbox 813 4580 921 4633; x_wconf 89' lang='lat' dir='ltr'><strong>domini</strong></span> <span class='ocrx_word' id='word_1_243' title='bbox 940 4580 1020 4650; x_wconf 84' lang='lat' dir='ltr'><strong>regis</strong></span> <span class='ocrx_word' id='word_1_244' title='bbox 1034 4579 1235 4643; x_wconf 82' lang='lat' dir='ltr'><strong>cancellarius,</strong></span> <span class='ocrx_word' id='word_1_245' title='bbox 1251 4579 1312 4633; x_wconf 85' lang='lat' dir='ltr'><strong>suis</strong></span> <span class='ocrx_word' id='word_1_246' title='bbox 1326 4579 1355 4631; x_wconf 91' lang='lat' dir='ltr'><strong>in</strong></span> <span class='ocrx_word' id='word_1_247' title='bbox 1369 4579 1485 4633; x_wconf 83' lang='lat' dir='ltr'><strong>Christe</strong></span> <span class='ocrx_word' id='word_1_248' title='bbox 1499 4579 1670 4642; x_wconf 60' lang='lat' dir='ltr'><strong>carissimis</strong></span> 
     </span>
    </p>
   </div>
   <div class='ocr_carea' id='block_1_13' title="bbox 457 4651 1673 4749">
    <p class='ocr_par' dir='ltr' id='par_1_14' title="bbox 457 4651 1673 4749">
     <span class='ocr_line' id='line_1_34' title="bbox 457 4651 1673 4749; baseline -0.002 -29"><span class='ocrx_word' id='word_1_249' title='bbox 457 4651 596 4749; x_wconf 52' lang='lat' dir='ltr'><strong>fflfflffis</strong></span> <span class='ocrx_word' id='word_1_250' title='bbox 627 4665 750 4720; x_wconf 87' lang='lat' dir='ltr'><strong>Osberto</strong></span> <span class='ocrx_word' id='word_1_251' title='bbox 768 4665 868 4735; x_wconf 86' lang='lat' dir='ltr'><strong>priori,</strong></span> <span class='ocrx_word' id='word_1_252' title='bbox 890 4672 919 4719; x_wconf 86' lang='lat' dir='ltr'><strong>et</strong></span> <span class='ocrx_word' id='word_1_253' title='bbox 932 4664 1086 4720; x_wconf 85' lang='lat' dir='ltr'><strong>conventui</strong></span> <span class='ocrx_word' id='word_1_254' title='bbox 1105 4663 1317 4727; x_wconf 68' lang='lat' dir='ltr'><strong>Cremonensi,</strong></span> <span class='ocrx_word' id='word_1_255' title='bbox 1339 4663 1462 4717; x_wconf 83' lang='lat' dir='ltr'><strong>salutem</strong></span> <span class='ocrx_word' id='word_1_256' title='bbox 1481 4670 1510 4718; x_wconf 89' lang='lat' dir='ltr'><strong>ct</strong></span> <span class='ocrx_word' id='word_1_257' title='bbox 1529 4664 1673 4718; x_wconf 85' lang='lat' dir='ltr'><strong>sinceram</strong></span> 
     </span>
    </p>
   </div>
   <div class='ocr_carea' id='block_1_14' title="bbox 457 4748 1673 4851">
    <p class='ocr_par' dir='ltr' id='par_1_15' title="bbox 457 4748 1673 4851">
     <span class='ocr_line' id='line_1_35' title="bbox 457 4748 1673 4851; baseline -0.002 -48"><span class='ocrx_word' id='word_1_258' title='bbox 457 4748 589 4851; x_wconf 47' lang='grc' dir='ltr'><strong>ξέἒέἐὲἶῑιίϋ</strong></span> <span class='ocrx_word' id='word_1_259' title='bbox 628 4752 656 4803; x_wconf 86' lang='lat' dir='ltr'><strong>in</strong></span> <span class='ocrx_word' id='word_1_260' title='bbox 676 4750 800 4804; x_wconf 90' lang='lat' dir='ltr'><strong>Domine</strong></span> <span class='ocrx_word' id='word_1_261' title='bbox 819 4751 979 4805; x_wconf 82' lang='lat' dir='ltr'><strong>caritatem.</strong></span> <span class='ocrx_word' id='word_1_262' title='bbox 1018 4749 1218 4820; x_wconf 83' lang='lat' dir='ltr'><strong>Appellationi</strong></span> <span class='ocrx_word' id='word_1_263' title='bbox 1243 4767 1330 4819; x_wconf 85' lang='lat' dir='ltr'><strong>quam</strong></span> <span class='ocrx_word' id='word_1_264' title='bbox 1350 4766 1437 4819; x_wconf 87' lang='lat' dir='ltr'><strong>snper</strong></span> <span class='ocrx_word' id='word_1_265' title='bbox 1456 4749 1673 4803; x_wconf 85' lang='lat' dir='ltr'><strong>consecratione</strong></span> 
     </span>
    </p>
   </div>
   <div class='ocr_carea' id='block_1_15' title="bbox 458 4833 1675 5159">
    <p class='ocr_par' dir='ltr' id='par_1_16' title="bbox 458 4833 1675 5084">
     <span class='ocr_line' id='line_1_36' title="bbox 459 4833 1674 4905; baseline -0.001 -16"><span class='ocrx_word' id='word_1_266' title='bbox 459 4850 577 4900; x_wconf 73' lang='lat' dir='ltr'><strong>authority</strong></span> <span class='ocrx_word' id='word_1_267' title='bbox 627 4834 841 4904; x_wconf 69' lang='lat' dir='ltr'><strong>wigorniensis</strong></span> <span class='ocrx_word' id='word_1_268' title='bbox 868 4834 953 4889; x_wconf 88' lang='lat' dir='ltr'><strong>electi</strong></span> <span class='ocrx_word' id='word_1_269' title='bbox 976 4834 1203 4905; x_wconf 81' lang='lat' dir='ltr'><strong>interposuistis,</strong></span> <span class='ocrx_word' id='word_1_270' title='bbox 1224 4834 1367 4888; x_wconf 83' lang='lat' dir='ltr'><strong>reverenti</strong></span> <span class='ocrx_word' id='word_1_271' title='bbox 1397 4834 1493 4888; x_wconf 82' lang='lat' dir='ltr'><strong>animo</strong></span> <span class='ocrx_word' id='word_1_272' title='bbox 1519 4833 1674 4888; x_wconf 86' lang='lat' dir='ltr'><strong>detulisse·</strong></span> 
     </span>
     <span class='ocr_line' id='line_1_37' title="bbox 458 4901 1674 5001; baseline 0.002 -31"><span class='ocrx_word' id='word_1_273' title='bbox 458 4901 609 5001; x_wconf 46' lang='lat' dir='ltr'><strong>{sssstffi&#39;w</strong></span> <span class='ocrx_word' id='word_1_274' title='bbox 627 4936 701 4982; x_wconf 87' lang='lat' dir='ltr'><strong>mus,</strong></span> <span class='ocrx_word' id='word_1_275' title='bbox 735 4919 791 4973; x_wconf 80' lang='lat' dir='ltr'><strong>nisi</strong></span> <span class='ocrx_word' id='word_1_276' title='bbox 822 4918 980 4989; x_wconf 82' lang='lat' dir='ltr'><strong>superioris</strong></span> <span class='ocrx_word' id='word_1_277' title='bbox 1012 4918 1163 4989; x_wconf 81' lang='lat' dir='ltr'><strong>potcstatis</strong></span> <span class='ocrx_word' id='word_1_278' title='bbox 1201 4919 1357 4973; x_wconf 85' lang='lat' dir='ltr'><strong>aucteritas</strong></span> <span class='ocrx_word' id='word_1_279' title='bbox 1388 4919 1589 4973; x_wconf 86' lang='lat' dir='ltr'><strong>vehementius</strong></span> <span class='ocrx_word' id='word_1_280' title='bbox 1621 4937 1674 4973; x_wconf 86' lang='lat' dir='ltr'><strong>uos</strong></span> 
     </span>
     <span class='ocr_line' id='line_1_38' title="bbox 458 4999 1675 5084; baseline 0.001 -29"><span class='ocrx_word' id='word_1_281' title='bbox 458 4999 539 5044; x_wconf 60' lang='lat' dir='ltr'><strong>Wht&#39;ff·</strong></span> <span class='ocrx_word' id='word_1_282' title='bbox 627 5011 760 5058; x_wconf 82' lang='lat' dir='ltr'><strong>arctaret.</strong></span> <span class='ocrx_word' id='word_1_283' title='bbox 800 5003 974 5074; x_wconf 84' lang='lat' dir='ltr'><strong>Recepimus</strong></span> <span class='ocrx_word' id='word_1_284' title='bbox 1003 5004 1080 5084; x_wconf 76' lang='lat' dir='ltr'><strong>cnirp</strong></span> <span class='ocrx_word' id='word_1_285' title='bbox 1106 5003 1136 5055; x_wconf 91' lang='lat' dir='ltr'><strong>iu</strong></span> <span class='ocrx_word' id='word_1_286' title='bbox 1160 5004 1302 5057; x_wconf 86' lang='lat' dir='ltr'><strong>mandatis</strong></span> <span class='ocrx_word' id='word_1_287' title='bbox 1323 5023 1340 5056; x_wconf 86' lang='lat' dir='ltr'><strong>a</strong></span> <span class='ocrx_word' id='word_1_288' title='bbox 1358 5002 1472 5057; x_wconf 87' lang='lat' dir='ltr'><strong>domino</strong></span> <span class='ocrx_word' id='word_1_289' title='bbox 1491 5021 1575 5074; x_wconf 84' lang='lat' dir='ltr'><strong>papa,</strong></span> <span class='ocrx_word' id='word_1_290' title='bbox 1597 5001 1675 5073; x_wconf 89' lang='lat' dir='ltr'><strong>quod</strong></span> 
     </span>
    </p>

    <p class='ocr_par' dir='ltr' id='par_1_17' title="bbox 627 5087 1675 5159">
     <span class='ocr_line' id='line_1_39' title="bbox 627 5087 1675 5159; baseline 0.003 -21"><span class='ocrx_word' id='word_1_291' title='bbox 627 5087 652 5139; x_wconf 85' lang='lat' dir='ltr'><strong>si</strong></span> <span class='ocrx_word' id='word_1_292' title='bbox 670 5089 850 5142; x_wconf 76' lang='lat' dir='ltr'><strong>venerabiles</strong></span> <span class='ocrx_word' id='word_1_293' title='bbox 870 5090 975 5142; x_wconf 86' lang='lat' dir='ltr'><strong>fratres</strong></span> <span class='ocrx_word' id='word_1_294' title='bbox 993 5088 1087 5142; x_wconf 89' lang='lat' dir='ltr'><strong>nostri</strong></span> <span class='ocrx_word' id='word_1_295' title='bbox 1106 5087 1315 5142; x_wconf 85' lang='lat' dir='ltr'><strong>Londoniensis</strong></span> <span class='ocrx_word' id='word_1_296' title='bbox 1334 5095 1364 5141; x_wconf 87' lang='lat' dir='ltr'><strong>et</strong></span> <span class='ocrx_word' id='word_1_297' title='bbox 1382 5088 1525 5142; x_wconf 86' lang='lat' dir='ltr'><strong>Roffensis</strong></span> <span class='ocrx_word' id='word_1_298' title='bbox 1545 5088 1675 5159; x_wconf 90' lang='lat' dir='ltr'><strong>episcopi</strong></span> 
     </span>
    </p>
   </div>
   <div class='ocr_carea' id='block_1_16' title="bbox 627 5171 1675 5240">
    <p class='ocr_par' dir='ltr' id='par_1_18' title="bbox 627 5171 1675 5240">
     <span class='ocr_line' id='line_1_40' title="bbox 627 5171 1675 5240; baseline 0.002 -18"><span class='ocrx_word' id='word_1_299' title='bbox 627 5188 714 5240; x_wconf 89' lang='lat' dir='ltr'><strong>super</strong></span> <span class='ocrx_word' id='word_1_300' title='bbox 733 5173 946 5228; x_wconf 83' lang='lat' dir='ltr'><strong>consecratione</strong></span> <span class='ocrx_word' id='word_1_301' title='bbox 966 5171 1017 5226; x_wconf 88' lang='lat' dir='ltr'><strong>illa</strong></span> <span class='ocrx_word' id='word_1_302' title='bbox 1037 5172 1191 5227; x_wconf 73' lang='lat' dir='ltr'><strong>convenire</strong></span> <span class='ocrx_word' id='word_1_303' title='bbox 1211 5171 1368 5237; x_wconf 86' lang='lat' dir='ltr'><strong>noluerint,</strong></span> <span class='ocrx_word' id='word_1_304' title='bbox 1391 5190 1452 5237; x_wconf 88' lang='lat' dir='ltr'><strong>uos,</strong></span> <span class='ocrx_word' id='word_1_305' title='bbox 1468 5171 1504 5225; x_wconf 83' lang='lat' dir='ltr'><strong>ad</strong></span> <span class='ocrx_word' id='word_1_306' title='bbox 1522 5171 1675 5226; x_wconf 83' lang='lat' dir='ltr'><strong>vitandum</strong></span> 
     </span>
    </p>
   </div>
   <div class='ocr_carea' id='block_1_17' title="bbox 0 0 2125 6388">
    <p class='ocr_par' dir='ltr' id='par_1_19' title="bbox 0 0 2125 6388">
     <span class='ocr_line' id='line_1_41' title="bbox 0 0 2125 6388; baseline 0 0"><span class='ocrx_word' id='word_1_307' title='bbox 0 0 2125 6388; x_wconf 95' lang='lat' dir='ltr'><strong> </strong></span> 
     </span>
    </p>
   </div>
  </div>
 </body>
</html>
