4192 6392
626 1186 669 1251 80
913 1197 1084 1249 rmsronn
1106 1194 1395 1262 cuumsmuusrs,

477 1375 598 1479 Adfflp.
627 1391 675 1429 me
701 1374 834 1438 novistis,
854 1391 890 1428 no
916 1373 1040 1428 ulterius
1067 1373 1246 1444 procederet,
1266 1371 1324 1426 uisi
1349 1372 1431 1444 prius
1458 1377 1537 1429 esset
1562 1373 1680 1446 cognita

579 1461 585 1474 '
628 1475 723 1514 causae
750 1459 859 1513 veritas
887 1462 916 1512 ct
942 1457 1155 1512 controversiis.
1194 1455 1349 1510 Prohibuit
1374 1456 1463 1511 etiam
1488 1463 1519 1512 et
1543 1456 1627 1514 Deua
1651 1466 1681 1515 ct

459 1535 610 1581 mewooosn
628 1546 794 1598 sanctorum
811 1541 918 1595 merita
936 1558 1001 1611 quae
1022 1540 1053 1595 in
1072 1538 1276 1595 cantuariensi
1286 1540 1444 1594 florescunt
1462 1539 1596 1607 ecclesia,
1611 1541 1680 1613 quia

459 1587 589 1690 iiiimdriv'eali
627 1627 726 1696 lignea
744 1626 856 1698 capella
874 1625 980 1680 eccidit
997 1625 1093 1680 media
1110 1623 1167 1689 die,
1187 1623 1317 1679 nescitur
1336 1640 1393 1694 quo
1411 1640 1490 1690 casu,
1509 1625 1569 1679 nisi
1587 1632 1631 1691 ut,
1650 1631 1681 1681 et

459 1689 590 1792 flffi'ffid
628 1711 721 1782 apiis
740 1711 877 1773 creditur,
897 1709 1080 1771 miraculose,
1100 1708 1162 1763 fere
1185 1711 1255 1764 tota.
1291 1707 1356 1763 Nec
1380 1707 1417 1763 ob
1442 1708 1499 1764 hoc
1524 1709 1679 1766 dimissum

459 1787 682 1883 ffiffifflmsl
714 1812 767 1848 nec
798 1793 956 1849 dimittitur
977 1792 1112 1847 continue
1141 1791 1236 1856 modo,
1269 1791 1340 1862 quin
1370 1790 1448 1863 quod
1476 1791 1560 1862 prius
1590 1793 1681 1849 fuerit

562 1852 600 1885 '¹⁰'
627 1879 761 1949 ligneum
787 1895 862 1932 imno
891 1878 940 1933 liat
969 1877 1127 1947 lapideum,
1153 1883 1182 1931 et
1208 1875 1275 1947 plus
1301 1881 1403 1946 postea
1425 1877 1538 1947 operati
1563 1884 1632 1934 sunt
1649 1879 1678 1933 in

628 1962 794 2033 quindecim
812 1961 925 2026 diebus,
946 1978 1034 2031 quam
1053 1966 1138 2016 antea
1155 1966 1253 2015 essent
1270 1961 1382 2031 operati
1401 1960 1431 2014 in
1453 1961 1583 2033 quinque
1602 1978 1679 2018 meu·

627 2045 717 2100 sibus.
762 2037 870 2115 Liqric't
901 2044 978 2114 quod
1008 2043 1071 2098 Deo
1101 2048 1131 2098 et
1160 2050 1267 2098 sancta}
1298 2042 1517 2099 Cantuariensis
1548 2046 1678 2102 ecclesis

484 2134 589 2181 rosor.
626 2129 755 2200 patronis
780 2129 927 2199 hocopus
954 2127 1117 2198 displiceat,
1138 2144 1205 2182 cum
1230 2126 1267 2181 de
1292 2127 1404 2199 capella
1431 2128 1559 2185 secundo
1584 2136 1679 2187 erecta

626 2212 795 2269 cecideruut
807 2214 864 2268 duo
876 2213 912 2267 do
925 2212 1066 2284 operariis
1080 2219 1109 2267 et
1125 2211 1233 2267 mortui
1247 2218 1324 2267 sunt.
1360 2210 1424 2267 Nec
1437 2211 1596 2269 dimittitur
1608 2217 1677 2287 quin

459 2289 598 2386 {effiff
623 2299 831 2352 canonicorum
850 2297 964 2361 domus,
984 2296 1075 2351 immo
1093 2296 1211 2367 palatia,
1232 2313 1300 2351 curn
1328 2296 1510 2352 festinatione
1529 2299 1572 2352 ibi
1590 2300 1677 2355 aedifi·

459 2391 514 2433 tort
586 2352 597 2387 ι
627 2388 729 2437 centur
741 2383 885 2445 continue,
901 2381 1032 2451 qualium
1044 2385 1074 2434 et
1086 2398 1174 2451 quam
1185 2379 1357 2435 devotorum
1370 2386 1562 2437 sacrosanctus
1577 2384 1678 2438 metris
1721 2408 1725 2415 ·

459 2452 551 2486 “nm''
627 2471 733 2520 nostroe
752 2464 882 2520 ecclesias
906 2481 1019 2535 nequeo
1043 2464 1144 2518 dolens
1163 2472 1193 2520 ot
1217 2481 1337 2535 gemens
1356 2465 1582 2535 praetermittere
1609 2468 1678 2538 quin

627 2548 732 2602 dicam.
769 2546 917 2602 Videlicet
936 2547 1072 2617 magistri
1091 2546 1214 2602 Henrioi
1233 2546 1364 2618 Pigonis,
1392 2549 1543 2604 secretarii
1569 2549 1679 2606 domini

627 2631 847 2703 archiepiscopi,
868 2632 917 2702 qui
937 2649 1005 2687 curn
1022 2649 1100 2687 nnnc
1118 2630 1222 2685 ultimo
1241 2630 1420 2702 appellarent
1437 2633 1582 2700 monachi,
1595 2652 1679 2706 prop·

627 2722 708 2770 terea
737 2715 814 2786 quod
850 2714 985 2770 dominus
1015 2714 1252 2786 archiepiscopus
1283 2720 1384 2771 contra
1418 2714 1534 2772 litteras
1570 2716 1678 2773 domini

627 2816 719 2870 papas,
739 2805 839 2854 contra
869 2798 933 2869 ojus
958 2798 1176 2868 protectionem,
1197 2798 1239 2853 eis
1267 2798 1397 2853 maneria
1422 2815 1476 2853 sua
1499 2800 1631 2868 abstulit,
1651 2804 1680 2856 et

627 2883 665 2938 ad
688 2887 802 2937 tontum
827 2899 876 2937 eos
902 2881 1018 2951 redegit
1048 2880 1135 2952 quod,
1157 2881 1234 2936 sicut
1264 2881 1295 2935 in
1321 2881 1411 2937 verbo
1438 2883 1573 2940 veritatis
1596 2885 1679 2941 robis

458 2977 540 3030 fleury
627 2967 701 3030 dico,
731 2966 780 3020 rix
809 2964 917 3020 habent
940 2965 1018 3036 quod
1036 2965 1231 3030 manducent;
1258 2965 1301 3021 sic
1328 2965 1371 3021 eis
1400 2967 1561 3037 respondit,
1589 2969 1678 3026 “Vos

458 3028 555 3124 {ssffi
628 3052 647 3078 “
668 3048 821 3121 appellatis
850 3049 961 3112 miseri,
994 3053 1024 3102 et
1050 3066 1102 3102 nos
1133 3054 1232 3104 contra
1262 3049 1484 3121 appellavimus,
1505 3058 1536 3107 et
1565 3069 1679 3125 semper

628 3135 647 3161 ‘⁴
666 3131 854 3205 pilabimus.''
891 3131 939 3186 Ad
969 3148 1057 3202 quem
1085 3131 1205 3201 quidam
1232 3132 1269 3187 de
1294 3133 1443 3199 fratribus
1474 3134 1612 3199 “Mala'’
1637 3138 1678 3192 in·

627 3218 699 3288 quit,
720 3219 739 3243 “
748 3233 801 3271 nos
813 3214 994 3288 expilastis.’'
1022 3217 1040 3242 ‘⁸
1055 3214 1137 3269 Dixit
1148 3221 1247 3270 autern
1259 3217 1377 3288 sapius,
1390 3223 1425 3272 ut
1437 3217 1547 3283 audivi,
1575 3218 1680 3289 “Quid

459 3312 556 3382 sager,
629 3303 648 3327 “
668 3306 802 3372 quaerunt
833 3317 850 3354 a
878 3298 962 3353 nobis
993 3298 1117 3354 Romani
1148 3297 1247 3355 istii'’
1296 3300 1442 3371 Rogerius
1472 3301 1509 3356 de
1540 3302 1677 3369 Tantone,

456 3363 575 3468 fflffi
627 3380 804 3439 senescallus
822 3382 1043 3454 archiepiscopi,
1064 3382 1115 3453 qui
1134 3400 1202 3438 cum
1220 3383 1348 3439 auferret
1371 3383 1446 3439 bona
1472 3385 1679 3443 monachorum

459 3462 613 3520 ‘willerme
626 3468 742 3522 assidue
767 3467 986 3538 appellantium,
1006 3466 1081 3520 dixit
1105 3484 1202 3522 coram
1228 3467 1343 3523 clericis
1372 3472 1402 3522 et
1427 3469 1582 3535 militibus,
1603 3472 1678 3543 quod

626 3552 714 3607 etiam
734 3551 759 3605 si
778 3551 912 3605 dominus
931 3568 1006 3621 papa
1024 3555 1134 3605 astaret
1151 3568 1290 3621 praesens,
1310 3569 1366 3605 uon
1391 3551 1554 3608 dimitteret
1574 3573 1628 3625 pro
1646 3572 1679 3609 eo

626 3633 711 3688 aliter
735 3651 822 3704 quarn
847 3651 899 3704 pro
925 3633 1062 3703 garcionc
1087 3634 1208 3688 minimo
1234 3635 1323 3690 totius
1352 3635 1464 3700 domus,
1485 3643 1515 3691 et
1542 3637 1574 3692 id
1604 3639 1679 3710 quod

626 3717 755 3772 deterius
773 3716 839 3769 fuit.
878 3715 971 3780 Unde,
986 3715 1060 3787 proh
1078 3716 1172 3786 pudor
1190 3723 1219 3771 ct
1236 3716 1337 3772 dolor!
1358 3719 1435 3788 quod
1454 3720 1527 3776 tales
1546 3722 1679 3778 nituntur

626 3800 812 3871 supplantare
830 3800 987 3854 conventui
1006 3799 1225 3856 Cantuariensis
1246 3801 1387 3867 ecclesis,
1409 3807 1438 3856 et
1455 3821 1523 3858 eum
1547 3807 1579 3860 in
1598 3808 1678 3862 curia

625 3883 766 3940 radicitus
784 3883 918 3938 laborant
938 3885 1073 3940 evellere.
1113 3883 1189 3952 Quid
1207 3884 1243 3939 de
1261 3887 1478 3942 conversatione
1498 3891 1679 3960 quorundam

626 3968 656 4023 in
682 3967 821 4040 praedicta
844 3968 956 4038 capella
984 3967 1174 4022 residentium
1196 3968 1258 4037 jam
1277 3969 1409 4041 vulgaris
1436 3971 1514 4027 sama
1538 3973 1676 4041 clamitet,

456 4045 824 4140 ξξίῗῑζέὶιῇωονθνεουηιὶυιῃ
842 4056 921 4107 esset
947 4050 1054 4105 dicero.
1093 4050 1208 4106 Dicitur
1227 4051 1315 4106 etiam
1340 4070 1393 4124 per
1420 4060 1511 4108 totam
1528 4056 1676 4127 Angliam,
1752 4034 1756 4043 ἱ

457 4157 542 4196 asem·
627 4135 704 4207 quod
717 4135 757 4189 ibi
770 4135 842 4189 velit
854 4135 1089 4206 archiepiscopus
1108 4135 1338 4205 patriarchatum
1351 4137 1424 4201 ficri,
1445 4155 1513 4191 cum
1528 4139 1592 4210 jam
1604 4141 1677 4195 nihil

456 4197 587 4292 ssfflfd'
625 4220 732 4275 litteris
758 4218 868 4274 domini
895 4237 978 4291 papae
1005 4218 1053 4273 rel
1080 4218 1322 4290 appellationibus
1353 4219 1511 4276 deleratur.
1547 4223 1679 4281 Fucrrmt

625 4306 712 4359 etia-m
738 4304 858 4374 quidem
877 4304 929 4373 qui
956 4321 1023 4358 cum
1049 4303 1228 4374 recepissent
1256 4303 1425 4360 mandatum
1456 4304 1566 4362 domini
1596 4326 1678 4380 papas

626 4406 714 4460 super
733 4386 857 4458 quadum
876 4387 1054 4450 executione,
1075 4392 1104 4441 et
1122 4386 1301 4457 prohibitum
1320 4387 1362 4441 cis
1381 4395 1459 4444 esset
1485 4390 1678 4459 ajustitiario

625 4473 715 4543 regis,
736 4489 772 4525 no
791 4470 982 4542 procederent
999 4471 1030 4524 in
1048 4488 1137 4525 causa
1161 4472 1222 4536 illa,
1249 4470 1394 4536 dixerunt,
1426 4472 1608 4530 “Malumus
1632 4493 1678 4530 ca-

628 4558 732 4608 “rere
756 4555 855 4617 missa,
876 4571 965 4624 quarn
985 4553 1114 4608 mensa.”
1153 4553 1260 4609 Fertur
1278 4555 1367 4610 etiam
1386 4555 1502 4627 publico
1528 4556 1678 4613 dominum

455 4647 575 4740 wlattpc
626 4637 876 4708 archiepiscopum
895 4637 1003 4702 dicere,
1024 4656 1092 4692 cum
1110 4638 1216 4709 recipit
1233 4639 1344 4694 domini
1368 4657 1451 4711 papae
1476 4640 1590 4695 litteras
1610 4660 1679 4712 quar

454 4699 594 4850 ffiffip
625 4724 652 4835 ei
670 4721 869 4860 npndplpcept,
892 4721 1035 4858 *Ἔτοὲξοο
1055 4721 1222 4857 cumblaliis,
1244 4723 1312 4860 qudia
1335 4722 1464 4818 nonduin
1489 4728 1534 4778 est
1560 4732 1679 4782 onerata

557 4836 559 4840 ν
665 4822 765 4860 rea.
849 4822 922 4857 erun
963 4822 1051 4858 oram
1099 4823 1118 4858 u
1151 4822 1225 4859 roe(

456 4848 565 4941 wffiiiff
625 4889 688 4960 ojus
715 4887 900 4959 adpreciatur
924 4886 961 4941 ad
985 4822 1193 4941 unumpovum,
1225 4823 1590 4961 liiirdivlioeegcdffpiidiseliis‘i
1616 4816 1679 4963 xiii

457 4949 532 4992 veno.
624 4974 681 5027 duo
701 4973 768 5027 anni
787 4969 925 5026 transacti
945 4976 1022 5034 sunt,
1043 4969 1080 5024 ab
1105 4972 1208 5042 coqui
1233 4972 1367 5043 sigillum
1392 4974 1528 5044 portabat
1551 4975 1675 5040 dicente,

626 5060 645 5085 “
665 5056 778 5118 Frater,
793 5070 945 5125 cognosce,
960 5052 1038 5125 quod
1057 5052 1082 5110 si
1096 5055 1332 5131 archiepiscopus
1344 5056 1452 5114 vixerit
1469 5058 1571 5115 docem
1583 5060 1675 5126 annis,
