4192 6392
601 1182 665 1246 120
878 1195 1050 1245 srrsroun
1073 1192 1363 1256 clarummane,

446 1372 582 1472 &affl
602 1376 730 1427 vestram
749 1377 780 1428 et
797 1372 1038 1438 incolumitatem,
1065 1373 1259 1429 substantiam
1275 1378 1414 1437 nostram,
1434 1372 1530 1444 piatas
1553 1370 1655 1426 divina

603 1462 766 1522 conservet,
786 1461 816 1512 et
831 1457 882 1530 pia
903 1463 973 1514 vota
989 1465 1170 1530 promoveat,
1190 1457 1342 1514 carissima
1359 1463 1444 1529 pater
1461 1461 1493 1514 et
1510 1455 1638 1513 domine.

714 1704 849 1762 CXLVI.
886 1706 1037 1763 Msersmo
1054 1707 1183 1764 Manem
1203 1721 1358 1763 csnnrnsnr
1376 1706 1547 1764 cosmarus

1010 1790 1257 1848 Osnrusamnsrs.

444 1924 580 1971 number.
641 1920 758 1977 Gratias
776 1923 893 1994 agimus
910 1924 1087 1997 benignitati
1099 1931 1216 1989 vestra,
1235 1924 1272 1980 ds
1291 1924 1388 1995 gratia
1406 1941 1494 1995 qnam
1513 1939 1545 1977 sa
1563 1921 1656 1978 domi·

437 1988 593 2084 sshffiffn‘
604 2022 661 2061 nus
678 2006 760 2077 prior
783 2011 814 2062 et
830 2008 935 2063 fratres
953 2009 1047 2064 nostri
1068 2008 1099 2064 in
1122 2010 1216 2064 oculis
1239 2008 1348 2065 vestris
1371 2007 1559 2080 gratulantur
1577 2007 1658 2061 inve·

437 2090 572 2185 mm
605 2089 694 2145 nisse.
731 2089 835 2146 Sinum
853 2090 961 2146 etenim
979 2093 1142 2148 elementiae
1157 2099 1264 2149 vestras
1281 2110 1431 2164 nunqnam
1449 2091 1507 2147 sibi
1524 2091 1658 2146 clausum

437 2191 521 2237 Melior
528 2191 587 2234 nm
605 2174 766 2245 reperiunt,
787 2174 839 2230 sed
856 2175 972 2230 vultum
995 2176 1198 2248 benigniorem
1222 2184 1253 2233 et
1269 2177 1403 2241 hilarem,
1423 2179 1454 2231 et
1472 2175 1604 2230 animum
1621 2171 1659 2229 ad

436 2242 589 2337 lssrhfflm
606 2258 804 2329 promovenda
821 2260 941 2331 negotia
958 2278 1024 2332 qna
1042 2267 1135 2332 agunt
1145 2267 1281 2333 paratum
1299 2279 1414 2334 semper
1426 2265 1457 2315 et
1467 2258 1658 2315 immobilem.

438 2342 553 2439 fflbggn
607 2341 747 2411 Quamvis
777 2360 902 2414 namque
925 2349 971 2399 tot
999 2351 1191 2401 sacrosancta
1221 2343 1300 2400 sedis
1325 2343 1491 2416 apostoliea
1515 2341 1660 2413 rescripta
1687 2340 1691 2349 '

438 2404 502 2489 suff
540 2405 575 2438 ω’
607 2443 670 2489 nos,
689 2425 773 2481 bonis
793 2426 858 2497 jam
880 2428 943 2482 fere
969 2428 1104 2484 omnibns
1130 2430 1270 2500 spoliatos
1288 2434 1355 2500 post
1373 2426 1609 2500 appellationem,
1628 2425 1661 2480 in

607 2510 689 2565 nullo
718 2509 879 2565 reformare
905 2511 1124 2582 pravalnarint,
1153 2512 1317 2586 diligentia
1343 2520 1441 2569 tamen
1468 2517 1576 2567 vestrm
1602 2527 1662 2564 non

607 2594 680 2651 adeo
694 2594 822 2651 minores
840 2597 1018 2652 exsolvimus
1035 2597 1198 2669 gratiarum
1216 2597 1354 2663 actiones,
1373 2596 1506 2667 quamsi
1524 2593 1664 2650 restituta
1731 2614 1734 2624 ,

609 2684 707 2736 essent
732 2679 879 2746 universa,
908 2679 972 2736 Deo
1001 2681 1126 2746 volente,
1155 2682 1260 2753 gratias
1286 2686 1403 2747 vestrm,
1432 2696 1499 2735 cum
1528 2677 1663 2733 feliciora

441 2773 531 2868 ltffia
609 2764 720 2819 fuerint
742 2770 883 2836 tempora,
915 2765 1026 2836 gratias
1056 2765 1207 2821 uberiores
1231 2765 1334 2822 aetnri.
1371 2763 1519 2820 Ceterum
1548 2761 1575 2817 si
1604 2763 1661 2834 piae

441 2823 503 2919 lim
511 2823 578 2920 ,ΒΨ
608 2847 819 2904 reeordationis
848 2848 983 2904 dominus
1012 2848 1149 2905 Urbanus
1175 2866 1251 2921 papa
1276 2847 1425 2904 modicum
1450 2852 1601 2918 superstes
1631 2845 1663 2901 in

441 2926 579 3020 Νὴ
608 2932 708 3004 rigore
726 2937 865 3003 concepto
882 2923 1071 3004 perstitisset,
1082 2932 1146 3003 jam
1158 2933 1283 2988 ecclesia
1294 2931 1351 2987 Dei
1363 2937 1397 2987 nt
1408 2931 1549 2994 creditur,
1563 2927 1663 2984 debita

441 2988 586 3071 „idoliis
608 3033 679 3088 paco
705 3015 858 3087 gauderet,
878 3022 909 3071 et
933 3016 1030 3071 edocti
1049 3021 1149 3072 essent
1172 3016 1231 3072 viri
1254 3016 1446 3072 ecclesiastici
1471 3019 1663 3070 sacrosancta

410 3100 418 3107 '
441 3076 688 3181 Ridffltsssedis
715 3099 882 3171 apostolicas
909 3117 967 3155 non
993 3106 1178 3156 contemnere
1207 3099 1400 3171 majestatem.
1449 3097 1664 3154 Verumtamen

442 3177 563 3275 {¹23¹ssss
609 3184 680 3255 quia
708 3201 767 3238 non
790 3183 876 3239 debet
906 3201 1112 3256 oppressorum
1136 3183 1264 3239 conditio
1291 3184 1418 3239 deterior
1443 3182 1507 3237 fieri
1535 3198 1571 3237 ex
1592 3181 1664 3237 novi

609 3285 693 3341 papae
710 3267 901 3340 promotione,
922 3269 974 3340 qui
990 3275 1090 3324 tamen
1111 3286 1193 3341 spem
1210 3286 1269 3323 non
1289 3267 1435 3323 modicam
1454 3265 1536 3321 dedit
1553 3266 1592 3322 iis
1611 3266 1663 3338 qni

441 3358 558 3453 :illm
609 3371 662 3408 nos
681 3353 858 3424 opprimunt,
877 3370 931 3408 nac
954 3357 1115 3408 curventur
1139 3352 1191 3424 qni
1208 3358 1326 3424 portant
1343 3351 1453 3416 orbem,
1475 3356 1507 3406 et
1523 3350 1663 3421 frequens
1675 3352 1737 3400 tabl

442 3463 484 3504 not
492 3411 574 3504 m}
611 3443 657 3492 est
683 3437 792 3508 injuste
818 3444 1018 3509 praegravatos
1042 3455 1100 3492 non
1126 3435 1258 3492 Romana
1282 3437 1365 3492 curia
1387 3435 1512 3508 justitiae
1535 3434 1663 3506 plenitn·

442 3511 594 3606 fflffigwsszff
611 3519 710 3574 dinem
734 3527 894 3592 reportare,
922 3521 999 3591 quod
1030 3520 1140 3592 passim
1170 3520 1304 3575 omnibns
1334 3519 1485 3591 impendit,
1516 3518 1602 3573 nobis
1631 3518 1662 3572 in

442 3612 535 3709 ssfflm
612 3621 701 3658 cansa
718 3610 779 3659 tam
804 3605 961 3676 conspicua
983 3622 1041 3659 non
1064 3603 1192 3674 negabit.
1241 3603 1334 3672 Quam
1362 3604 1440 3657 enim
1468 3603 1524 3657 lide
1549 3609 1579 3657 et
1596 3620 1663 3657 eon·

612 3687 719 3742 stantia
737 3688 768 3741 in
786 3688 903 3758 negotio
922 3688 1059 3759 prasenti
1077 3706 1131 3758 pro
1149 3687 1362 3751 (lantuariensi,
1377 3687 1429 3741 sed
1447 3695 1477 3741 et
1493 3704 1548 3757 pro
1559 3685 1664 3758 Angli-

471 3781 573 3824 toalva
611 3788 692 3834 cana,
714 3770 765 3824 sad
782 3788 836 3841 pro
854 3771 986 3825 Romana
1009 3777 1039 3825 et
1063 3771 1222 3825 universali
1248 3772 1372 3825 ecclesia
1397 3771 1548 3835 steteritis,
1569 3790 1663 3841 usqne

612 3854 649 3908 ad
667 3854 769 3908 mundi
787 3853 939 3918 terminos,
960 3854 1037 3908 sama
1055 3854 1236 3924 divulgante,
1257 3854 1438 3925 pervolavit3
1464 3861 1495 3909 et
1512 3855 1607 3909 exitus
1620 3856 1664 3910 rei

612 3937 814 4009 imponendus,
835 3938 1047 4008 qualiscunque
1066 3939 1165 4002 fuerit,
1180 3938 1280 3992 orbem
1298 3938 1458 3993 Romanam
1476 3957 1533 3993 non
1550 3939 1663 3994 latebit.

446 4016 586 4062 W⁰⁰¹¹ir⁰³i
613 4023 719 4094 Itaque
737 4023 921 4094 paternitatis
933 4030 1039 4077 vestrm
1053 4022 1182 4077 obvoluti
1199 4023 1323 4093 genibus
1343 4023 1550 4094 supplicamns,
1565 4041 1665 4078 omnes

443 4067 577 4163 llbbllllor
614 4113 644 4162 et
662 4107 782 4178 singuli,
803 4114 946 4177 qnatenus
964 4125 1017 4177 pro
1035 4105 1092 4160 Dei
1105 4111 1135 4160 et
1152 4106 1273 4177 gloriosi
1290 4108 1428 4177 martyris
1447 4107 1565 4162 Thomae
1583 4126 1666 4163 reve·

445 4172 575 4263 {ssssssssmss
613 4192 717 4257 rentia,
732 4198 763 4247 et
781 4192 832 4262 qni
854 4192 887 4245 in
910 4197 1027 4262 pectore
1051 4195 1150 4245 vestro
1174 4191 1276 4263 vigere
1301 4192 1493 4262 dignoscitur,
1519 4193 1582 4247 zelo
1601 4193 1666 4265 jus-

445 4271 588 4366 fflfflffli‘l
613 4277 696 4340 titia,
729 4278 806 4331 sient
839 4275 1028 4330 landabiliter
1065 4275 1205 4347 coepistis,
1241 4276 1389 4346 justitiam
1426 4295 1522 4332 causae
1557 4284 1665 4333 nostrae

447 4373 498 4416 non
506 4354 580 4420 oraha
614 4362 767 4416 confovere
784 4360 893 4424 velitis,
907 4366 937 4414 et
955 4364 1065 4413 statum
1078 4358 1296 4414 Cantnariensis
1309 4360 1440 4415 eeclesiae
1451 4360 1482 4415 in
1494 4361 1665 4432 integritate

446 4435 556 4470 'mm‘
614 4465 668 4501 sua
685 4446 811 4501 illaesum
829 4461 1018 4508 conservare3
1045 4460 1163 4497 causam
1182 4443 1270 4498 etiam
1286 4444 1454 4515 jurgiorum
1472 4446 1665 4502 etmalorum

614 4529 746 4584 omnium
770 4528 936 4591 materiam,
961 4526 1104 4597 capellam
1128 4527 1214 4596 juxta
1240 4545 1293 4581 nos
1313 4533 1439 4582 erectam
1464 4534 1494 4583 et
1521 4528 1558 4583 de
1581 4531 1665 4586 bonis

616 4612 746 4667 ecelesia
770 4619 877 4666 nostroe
901 4611 1059 4673 ditandam,
1080 4628 1116 4664 ne
1140 4610 1310 4681 procederet
1333 4612 1485 4682 impedire.
1523 4613 1665 4685 Alioquin

615 4705 728 4752 eertum
748 4696 883 4750 osthane
903 4696 933 4749 in
952 4714 1010 4765 qna
1032 4694 1132 4749 divino
1156 4696 1249 4749 officio
1274 4696 1404 4767 deputati
1429 4715 1540 4762 sumus,
1563 4700 1667 4756 hones·

615 4782 685 4837 tntis
705 4799 765 4835 sura
789 4787 819 4835 et
842 4787 936 4835 statne
960 4779 1129 4834 miserabile
1152 4780 1302 4835 incurrere
1327 4781 1544 4847 detrimentum,
1565 4790 1596 4839 et
1614 4803 1666 4840 nos

615 4872 790 4937 perpetuum
809 4863 914 4919 debitsn
932 4864 1012 4935 pacis
1031 4863 1227 4935 dispendium.
1265 4864 1379 4921 Valcte.

653 5022 692 5074 Ia
710 5019 827 5076 entidmt
846 5019 958 5076 trandum
977 5019 1106 5074 sirenibus
1126 5020 1323 5077 cursitantibus
1343 5026 1449 5094 eccepto
1471 5023 1606 5080 Ostiensi.
