4192 6392
607 1168 672 1242 274
889 1187 1059 1238 arumna
1081 1186 1368 1292 carminantes,

454 1365 577 1461 QUI?
608 1360 751 1432 pendente
760 1361 882 1431 judicio,
893 1362 923 1415 in
933 1361 1092 1416 eorundem
1104 1362 1228 1415 fratrum
1240 1359 1449 1415 detrimentum
1460 1358 1540 1413 circa
1551 1362 1657 1414 statum

440 1479 462 1523 B
484 1447 568 1523 md}
593 1445 777 1501 'monasterii
794 1445 1003 1501 nihilomnino
1028 1451 1145 1516 satagas
1163 1445 1339 1499 immutare:
1367 1444 1559 1499 nihilominus
1584 1460 1657 1514 proa-

466 1528 540 1573 Μ
608 1529 742 1603 cipieudo
766 1529 946 1596 mandantes,
966 1536 1000 1585 ut
1024 1528 1122 1584 omnia
1149 1547 1215 1600 quae
1233 1528 1306 1599 ipsis
1324 1528 1473 1583 monachis
1492 1546 1510 1582 a
1526 1532 1657 1599 tempore

441 1579 576 1674 wezil·
608 1620 668 1670 tua
680 1614 879 1685 promotionis,
899 1615 948 1669 val
966 1619 1033 1685 post
1051 1612 1276 1684 appellationem
1293 1612 1342 1667 vel
1358 1618 1434 1678 ante,
1454 1612 1566 1683 absque
1581 1610 1657 1681 juris

441 1680 597 1775 fflffi‘u'
610 1698 711 1754 ordine
729 1698 833 1754 illicite
851 1697 1015 1754 abstulistis
1034 1699 1067 1752 iu
1085 1696 1206 1762 exeniis,
1226 1696 1317 1763 villis,
1330 1696 1575 1769 possessionibus,
1595 1693 1658 1749 red-

440 1779 598 1884 ffiffihffm
609 1783 730 1847 ditibus,
745 1800 798 1839 seu
814 1783 902 1837 rebus
915 1780 991 1848 aliis,
1004 1800 1072 1838 cum
1084 1800 1214 1853 congrua
1231 1781 1499 1852 recompensatione
1511 1782 1659 1835 fructuum

442 1881 511 1935 days·
523 1881 571 1925 md
609 1872 712 1938 postea
735 1866 839 1923 illicite
856 1873 1074 1937 perceptorum,
1095 1873 1125 1922 et
1146 1865 1340 1931 libertatibus,
1361 1871 1392 1921 et
1409 1864 1659 1920 administratione

442 1913 591 2027 fflffi‘„
611 1950 787 2022 competenti
822 1956 853 2006 et
880 1950 984 2016 libera,
1015 1950 1093 2004 infra
1129 1949 1325 2021 quadraginta
1355 1950 1418 2006 dies
1454 1956 1520 2021 post
1556 1949 1659 2002 harum

441 2033 564 2137 QUI·
610 2035 807 2107 receptionem
831 2034 988 2090 restituere
1012 2053 1071 2089 non
1093 2035 1226 2090 moraris.
1264 2033 1344 2104 Ipsis
1372 2051 1487 2105 quoque
1511 2031 1774 2088 monachismum

443 2132 584 2187 mmttte
611 2121 807 2193 precipiendo
824 2120 1006 2185 mandamus,
1025 2125 1060 2175 ut
1077 2119 1103 2175 si
1121 2120 1158 2174 ab
1176 2119 1278 2174 eodem
1295 2126 1427 2190 tempore
1444 2118 1545 2189 aliqua
1562 2122 1662 2173 contra

442 2183 659 2287 fflffljus
694 2211 778 2260 tuum
814 2211 845 2260 et
878 2204 1018 2259 honorem
1054 2209 1313 2275 praesumpserunt,
1345 2202 1575 2259 satisfactionem
1606 2201 1660 2256 tibi

441 2284 589 2380 ffibwss·
612 2288 806 2359 appellatione
824 2294 936 2343 remota
960 2286 1116 2343 exhibeant
1142 2293 1362 2359 competentem.
1401 2285 1477 2355 Quia
1493 2304 1564 2342 vero
1581 2285 1661 2357 prior

443 2385 591 2432 naunot-
612 2371 782 2427 monasterii
800 2372 831 2426 in
857 2371 1060 2442 prosecutione
1085 2371 1197 2442 negotii
1224 2372 1369 2427 concessit
1386 2370 1417 2425 iu
1435 2372 1504 2435 fata,
1524 2370 1659 2426 volumus

442 2437 557 2531 ffi‘ffl'
612 2461 643 2511 et
667 2455 863 2527 precipiendo
892 2454 1076 2521 mandamus,
1103 2461 1138 2510 ut
1164 2455 1195 2509 iu
1221 2455 1404 2511 institutione
1423 2453 1541 2526 prioris,
1561 2460 1661 2509 contra

442 2540 568 2581 mmo!
612 2539 770 2610 privilegia
787 2539 865 2594 sedis
883 2538 1051 2609 apostolicae
1070 2544 1100 2594 et
1117 2538 1251 2610 regulam
1268 2540 1347 2594 beati
1365 2538 1528 2603 Benedicti,
1549 2544 1580 2593 et
1597 2555 1662 2593 con-

440 2587 595 2683 iiim
612 2623 797 2679 suetudinem
814 2623 984 2678 monasterii
1001 2623 1142 2678 haetenus
1169 2624 1354 2679 observatam
1371 2641 1428 2678 uon
1446 2622 1605 2694 procedas3
1634 2626 1663 2675 et

443 2689 574 2793 2¹2&
611 2709 638 2763 si
663 2707 777 2773 feceris,
797 2707 992 2779 appellatione
1019 2714 1141 2774 remota,
1162 2726 1219 2763 non
1246 2707 1363 2762 differas
1390 2725 1547 2773 revocare,
1573 2706 1661 2761 nullis

609 2792 718 2847 litteris
748 2791 929 2847 obstantibus
960 2812 978 2847 a
1012 2792 1081 2847 sodo
1112 2792 1272 2864 apostolica
1301 2793 1475 2863 impetratis.
1522 2792 1662 2863 Alioquin

443 2885 583 2938 Menou-
610 2875 718 2931 dilecto
736 2875 797 2931 filio
814 2882 914 2932 nostro
933 2875 1071 2942 Radulfo,
1090 2877 1171 2932 tituli
1197 2876 1311 2932 Sanctae
1330 2877 1471 2937 Praxedis
1490 2877 1662 2947 presbytero

441 2936 591 3082 fflfffflssl',
611 2959 762 3024 cardinali,
788 2960 955 3032 apostoliea
979 2960 1058 3016 sedis
1082 2961 1190 3032 legate,
1216 2959 1351 3016 dedimus
1382 2960 1413 3014 in
1442 2961 1599 3025 mandatis,
1631 2964 1663 3014 ut

441 3039 524 3082 ΨΜ
610 3044 770 3116 apostolica
786 3044 960 3100 auctoritate
978 3050 1008 3100 te
1027 3050 1058 3099 et
1080 3063 1181 3099 omnes
1200 3045 1438 3109 contradictores,
1459 3051 1490 3100 et
1507 3044 1661 3099 monachos

611 3128 690 3199 ipsos
709 3127 735 3182 si
746 3127 872 3183 rebelles
890 3127 1065 3194 exstiterint,
1080 3128 1118 3182 ad
1135 3129 1200 3194 hoc,
1220 3134 1331 3184 remote
1345 3128 1549 3200 appellationis
1567 3128 1661 3183 obsta·

610 3213 686 3277 culo,
704 3211 903 3268 ecclesiastica
921 3212 1102 3268 districtione
1121 3212 1285 3284 compellat.
1324 3212 1434 3268 Datum
1453 3211 1601 3278 Laterani,
1622 3211 1659 3266 iv.

609 3294 677 3353 idus
695 3295 878 3362 Decembris,
898 3297 1083 3369 pontificatus
1102 3298 1194 3352 nostri
1213 3316 1288 3353 anno
1306 3296 1412 3368 prime.

440 3099 569 3135 moll.

458 3539 580 3645 Ant-RQ..
699 3533 847 3591 coxon.
886 3536 1052 3592 Corvunrm
1071 3536 1285 3593 Graecanicae
1304 3553 1410 3592 antean
1430 3537 1590 3592 deuturus,

440 3678 547 3772 ξτὲιὴῦῃ
646 3668 730 3737 Quod
754 3672 785 3724 in
810 3672 876 3726 aliis
906 3673 1063 3744 aliquando
1089 3692 1136 3728 me
1162 3675 1296 3745 culpasse
1320 3675 1450 3738 memini,
1479 3675 1534 3728 hoo
1561 3676 1592 3728 in
1618 3691 1662 3728 me

440 3730 599 3824 ,goelmffiflhye
611 3751 674 3822 ipso
693 3755 918 3825 vituperandum
935 3757 1061 3824 invenie,
1083 3759 1160 3829 quod
1177 3759 1315 3814 videlicet
1332 3761 1437 3814 fratres
1457 3759 1507 3829 qui
1534 3759 1564 3812 in
1583 3760 1663 3813 curia

440 3832 564 3933 mm}
610 3836 740 3891 militant
757 3840 799 3893 eis
819 3840 868 3909 qui
889 3840 967 3895 domi
987 3843 1091 3897 sedent
1115 3862 1172 3898 non
1199 3862 1342 3897 summam
1370 3849 1520 3913 gestorum
1539 3849 1660 3901 tantum.

441 3930 588 3986 huloumoy.
610 3919 662 3974 sed
692 3922 809 3992 singula
836 3925 966 3979 seriatim
996 3944 1054 3981 non
1081 3936 1225 3982 enarrant.
1274 3929 1338 3997 Ego
1369 3934 1467 3982 antem
1498 3928 1522 3981 si
1550 3928 1663 3999 quando

609 4022 735 4075 congero
754 4007 907 4062 scribendo
925 4010 1033 4080 aliqua,
1055 4011 1157 4082 digero
1176 4019 1274 4067 tamen
1300 4013 1391 4076 nulla,
1412 4018 1536 4083 tangens
1567 4012 1662 4082 magis

610 4106 696 4158 quam
721 4090 855 4146 ordinans
884 4094 1089 4149 narrationem.
1139 4096 1251 4150 Verum
1280 4097 1304 4151 si
1332 4097 1446 4153 dolores
1473 4103 1598 4160 nostros,
1613 4096 1662 4166 qui

609 4172 740 4242 quotidie
760 4175 982 4231 suceedentibus
1001 4179 1216 4235 calamitatibus
1243 4181 1426 4244 innovantur,
1441 4180 1609 4243 attendatis,
1630 4198 1663 4233 eo

610 4257 724 4314 facilius
743 4259 849 4315 dabitis
868 4262 992 4327 veniam,
1014 4263 1084 4333 quia
1101 4265 1243 4318 malorum
1264 4266 1465 4336 ingruentium
1483 4265 1661 4329 meminisse,

609 4343 716 4397 nedum
743 4344 851 4409 dicere,
881 4346 977 4401 minus
1013 4348 1133 4402 sufficio.
1193 4348 1237 4403 De
1266 4368 1390 4420 quorum
1415 4355 1512 4403 tamen
1542 4367 1663 4404 numero

608 4445 702 4498 pauca
727 4447 811 4499 pone,
832 4447 868 4483 no
887 4432 1058 4485 memerito
1084 4432 1203 4487 incuriae
1229 4435 1347 4505 possitis
1366 4451 1499 4504 arguere.
1539 4434 1664 4489 Domino

438 4514 535 4559 Robor-
610 4510 739 4567 Ostiensi
758 4531 869 4568 moram
888 4514 1012 4569 faciente
1031 4517 1181 4586 majorem,
1202 4518 1238 4571 de
1264 4518 1398 4572 mandato
1423 4523 1522 4572 vestro
1540 4517 1663 4573 Romam

438 4567 538 4660 miei
609 4614 764 4666 regressus
783 4616 858 4662 sum,
873 4616 970 4653 coram
983 4599 1046 4653 Deo
1059 4600 1172 4671 loquor,
1187 4608 1400 4656 unamtantum
1413 4602 1523 4657 habens
1536 4620 1662 4657 maroam
1742 4670 1744 4673 v

438 4666 723 4768 ffifflffldorgeuti
751 4682 788 4735 od
815 4683 966 4748 viaticum,
995 4702 1083 4753 quam
1111 4704 1128 4738 a
1154 4686 1271 4740 domino
1290 4687 1337 4752 A,
1358 4687 1495 4741 canonico
1514 4687 1662 4750 Remensi,

438 4768 586 4870 hmanri'ffln·
608 4771 710 4819 mutuo
740 4766 847 4836 accepi.
904 4767 960 4822 Oui
990 4786 1027 4823 nc
1058 4776 1215 4841 paupertas
1245 4772 1314 4826 laeta
1343 4772 1469 4835 adesset,
1501 4771 1538 4826 de
1568 4779 1662 4827 morto

437 4870 526 4911 mi„
536 4881 574 4913 ru.
606 4848 732 4904 fratrum
750 4867 850 4904 rumor
868 4857 965 4905 certus
978 4852 1117 4918 insonuit,
1133 4856 1266 4925 quamvis
1280 4857 1331 4927 qui
1344 4862 1373 4910 et
1386 4862 1457 4927 quot
1469 4856 1664 4913 decessissent

437 4921 558 5012 ffi‘guffl
606 4933 701 4987 adhuc
728 4940 805 4988 esset
830 4935 985 4989 incertum.
1035 4937 1214 4993 Consolobar
1244 4946 1341 4995 alitem
1369 4941 1485 4997 dolores
1512 4960 1593 4998 meos
1622 4943 1663 4998 sic

436 5019 567 5065 ortliebre-
605 5035 697 5088 agens
722 5035 847 5083 mecum,
870 5022 951 5075 “aut
971 5038 1029 5076 nou
1047 5029 1093 5078 est
1111 5029 1145 5078 ut
1162 5024 1254 5090 aiunt,
1275 5031 1325 5080 aut
1349 5027 1446 5080 miuus
1477 5025 1591 5098 aliquid
1615 5044 1663 5081 res

436 5069 514 5114 thren
606 5103 625 5128 “
638 5102 826 5173 habetquam
844 5103 1034 5175 loquantur.'’
1061 5107 1145 5178 Soepe
1164 5109 1242 5165 euim
1256 5110 1448 5182 multiloquus
1459 5111 1504 5165 rei
1517 5112 1663 5183 magnitu-
