4192 6392
605 1205 670 1277 270
888 1219 1062 1271 renuens
1083 1214 1373 1280 cumularemus,

453 1412 573 1459 A.D.11ss.
605 1417 663 1462 cos,
685 1399 747 1454 sive
765 1398 885 1453 miscuit
903 1398 946 1451 cis
965 1397 1082 1468 aliquis,
1103 1405 1137 1450 ut
1156 1401 1276 1467 putatur
1301 1401 1332 1450 et
1355 1394 1474 1461 dicitur,
1494 1413 1568 1452 vere
1585 1396 1657 1453 besti

471 1466 558 1560 ΝΔέξξῇ
605 1491 675 1540 sunt
693 1484 744 1554 qui
763 1501 816 1554 pro
834 1482 958 1538 veritate
977 1482 1158 1543 dimicantes,
1179 1487 1208 1535 et
1234 1481 1461 1552 perseverantiae
1478 1481 1581 1552 gratia
1597 1498 1657 1555 pro-

436 1579 549 1623 whethar
604 1570 734 1642 positum
752 1576 885 1622 sanctum
902 1567 1090 1638 complentes,
1104 1571 1250 1636 martyres
1262 1583 1326 1620 osso
1343 1572 1528 1633 meruerunt,
1543 1567 1616 1623 adeo
1629 1572 1659 1623 ut

426 1629 807 1724 iifflffissidefunctorum
825 1670 947 1724 corpora
964 1652 1054 1708 etiam
1071 1651 1204 1717 Romani,
1223 1651 1382 1723 puritatem
1399 1668 1499 1707 causis
1515 1652 1658 1709 intuentes

436 1731 587 1825 ΙΏἭᾞ
604 1758 638 1794 ue
656 1738 849 1802 couscientia,
870 1737 908 1792 ad
929 1737 1068 1793 ecclesias
1093 1755 1161 1792 suas
1186 1736 1322 1792 certatim
1347 1734 1510 1808 rapuerint.
1550 1736 1660 1794 Verum

436 1794 561 1897 ”imi
573 1795 591 1825 ἰ’
605 1825 636 1879 in
653 1823 831 1894 cogitatione
849 1841 903 1878 sua
920 1822 999 1878 dicet
1016 1822 1134 1893 aliquis,
1156 1820 1257 1890 “Quis
1275 1821 1435 1879 crediderit
1452 1828 1506 1879 aut
1525 1822 1596 1880 illos
1613 1834 1660 1879 aut

437 1919 480 1980 let
488 1930 548 1961 none
557 1919 586 1961 ue
606 1912 625 1935 ‘⁶
639 1926 692 1963 nos
704 1908 823 1963 Christo
834 1907 1009 1963 dimicasse?
1040 1907 1137 1962 Immo
1154 1907 1307 1962 manifesto
1319 1906 1465 1964 Dominus
1482 1916 1601 1981 pugnat
1610 1926 1660 1981 pro

435 1969 585 2067 puppppegeu
607 1997 626 2021 ‘⁶
640 1992 815 2049 advorsariis
830 1998 931 2049 contra
947 2011 1010 2048 nos.
1040 1992 1179 2048 Urbanus
1191 2010 1267 2065 papa
1278 1997 1411 2047 mortuus
1422 1997 1479 2057 est,
1493 2010 1565 2049 cum
1576 2010 1660 2063 nego·

437 2032 549 2122 ³i¹¹⁰¹¹ss¹¹
606 2079 713 2133 “tium
731 2083 864 2133 nostrum
883 2077 1019 2148 expedire
1037 2082 1228 2149 proponeret;
1247 2077 1383 2131 dominus
1401 2076 1485 2148 prior
1504 2082 1536 2133 et
1547 2077 1658 2139 franca

437 2125 593 2218 iiffliiiii
609 2164 627 2188 “
642 2180 709 2216 cum
724 2162 788 2233 jam
804 2179 895 2235 prope
913 2168 993 2218 esset
1010 2162 1187 2234 expeditum,
1208 2162 1341 2217 dominus
1360 2179 1479 2233 quoque
1504 2160 1658 2221 Ostiensis.

436 2221 585 2317 ssffisshssoiffii
607 2248 741 2318 “pacem
760 2248 891 2302 ccclesiro
908 2246 1031 2302 reddere
1050 2247 1216 2318 deputatus,
1237 2246 1339 2301 eodem
1357 2252 1491 2318 tempore
1509 2247 1548 2303 de
1566 2246 1659 2302 medio
1689 2301 1694 2309 ,

607 2332 771 2387 “sublatus
791 2338 844 2397 est,
859 2337 889 2386 et
908 2332 979 2403 quid
991 2331 1142 2402 apertius?
1172 2330 1328 2386 Manifesta
1346 2337 1407 2386 tam
1424 2348 1480 2402 pro
1492 2331 1557 2388 illis
1575 2348 1659 2403 quarn

606 2419 625 2443 ‘⁶
638 2423 740 2472 contra
751 2436 803 2473 nos
818 2418 934 2489 judicat
945 2416 1057 2472 Dcus.’'
1087 2416 1295 2487 Nequaquam
1316 2415 1411 2472 sedin
1423 2417 1481 2472 fine
1493 2423 1658 2488 temporum

604 2503 770 2567 solvendus,
799 2502 940 2558 Setheries
967 2503 1080 2558 solutus
1106 2502 1234 2567 videtur,
1253 2510 1284 2558 ct
1310 2521 1490 2575 consurgere
1509 2500 1659 2558 tribulatio

604 2589 701 2659 qualis
730 2606 788 2642 non
818 2589 883 2651 suit,
915 2594 949 2643 ut
978 2588 1004 2643 si
1033 2589 1098 2643 fieri
1128 2589 1221 2659 possit
1245 2596 1417 2643 moveantur
1441 2588 1533 2644 ctiam
1563 2585 1656 2664 electi
1669 2589 1710 2652 R!

604 2673 714 2728 Audite
731 2672 806 2727 illud
824 2672 905 2728 dictu
931 2672 1075 2728 mirabile.
1119 2673 1270 2745 Pugnavit
1286 2679 1388 2730 contra
1405 2673 1593 2730 Christianos
1616 2652 1710 2729 inm

606 2757 700 2813 fidelis
720 2756 885 2821 Saladinus,
906 2757 984 2813 sicut
1004 2758 1138 2822 audistis,
1159 2765 1190 2814 ct
1214 2759 1402 2830 expugnarit,
1422 2759 1576 2831 cessitque
1601 2759 1657 2814 rie·

437 2834 574 2879 mmm-³
604 2841 681 2896 toria
697 2842 816 2896 inimico
834 2843 930 2898 crucis
949 2842 1070 2899 Christi.
1107 2843 1313 2899 Instaurabaut
1330 2850 1428 2899 autem
1446 2854 1544 2916 n'uper
1560 2843 1657 2899 Pisani
1668 2841 1708 2887 Phil

436 2886 593 2989 iiiii'iiihii
606 2943 673 2979 cum
692 2926 888 2981 ,lerinensibus
906 2927 1026 2997 navigia
1043 2928 1146 2991 multa,
1166 2928 1342 2992 hominibus,
1363 2929 1453 2984 armis
1476 2937 1508 2985 et
1525 2929 1656 2985 victuali·

436 2987 560 3081 ἷζὶξζωὴᾷῃ
606 3012 660 3065 bus
688 3012 894 3075 munitissima,
926 3012 983 3065 viri
1014 3014 1114 3076 sortes,
1148 3021 1178 3069 ot
1207 3021 1286 3068 terra
1318 3014 1451 3084 marique
1477 3033 1657 3087 paganorum

436 3089 584 3193 ffiffilnhll
607 3096 766 3150 insolentius
785 3096 993 3160 formidabiles,
1007 3097 1145 3152 videlicet
1162 3105 1196 3153 ut
1213 3099 1351 3154 Crucifixi
1370 3100 1552 3156 confessores
1565 3101 1657 3157 crucis

438 3173 517 3233 stonnJ
606 3181 744 3252 injuriam
761 3181 951 3236 vindicarent.
989 3181 1047 3236 Vix
1074 3183 1166 3237 altum
1191 3185 1383 3255 contigerant,
1411 3189 1442 3240 et
1467 3187 1546 3240 aeris
1571 3186 1657 3258 pest-i-

604 3266 696 3320 lentiu
707 3266 739 3318 in
751 3266 921 3336 praecordiis
933 3271 1060 3337 recepta,
1075 3285 1206 3338 perseum
1219 3268 1366 3323 destitutae
1378 3269 1409 3322 iu
1421 3287 1504 3324 mare
1523 3270 1658 3342 projectu

605 3355 681 3415 sunt,
702 3350 807 3404 deinde
825 3351 1021 3422 procellarum
1039 3369 1073 3406 ac
1092 3353 1172 3407 venti
1189 3353 1269 3407 rabie
1286 3353 1426 3419 irruente,
1440 3371 1531 3409 navas
1550 3354 1658 3426 absque

604 3441 726 3499 rectore,
759 3436 820 3490 salo
850 3435 902 3490 diu
928 3436 1056 3506 jactata,
1083 3437 1200 3491 tandem
1230 3439 1261 3492 in
1290 3438 1374 3493 littus
1405 3438 1508 3509 ejecte
1536 3446 1606 3495 sunt
1631 3444 1659 3493 st

604 3519 771 3575 minutatim
798 3519 963 3574 confractis.
1006 3520 1113 3591 Sisque
1140 3520 1279 3576 Crucifiri
1303 3522 1494 3578 necessitates
1523 3540 1657 3579 successu

604 3610 769 3658 caruerunt.
807 3604 884 3672 Quid
903 3604 1006 3660 dicetis
1025 3605 1062 3659 ad
1080 3605 1168 3660 haec?
1186 3606 1344 3677 dereliquit
1361 3607 1507 3663 Dominus
1519 3608 1656 3680 populum

607 3688 709 3751 Suum,
724 3694 754 3743 ct
766 3688 947 3743 abominatus
961 3695 1006 3744 cst
1018 3690 1220 3745 hereditatem
1234 3689 1345 3746 Suam?
1364 3690 1463 3747 Absit.
1483 3692 1592 3755 Immo,
1605 3710 1656 3764 pro
1666 3699 1710 3743 me

438 3779 577 3840 conpares
605 3780 685 3826 corto
698 3773 801 3843 probat
814 3772 957 3828 Dominus
969 3775 1110 3845 populum
1124 3775 1226 3839 Suum,
1241 3780 1270 3830 ct
1281 3775 1483 3831 haereditatem
1498 3777 1591 3833 Suam
1602 3796 1656 3832 non

437 3830 568 3930 {diesim
605 3857 772 3927 dereliquit.
810 3855 956 3912 Irrideunt
981 3859 1081 3930 itaquo
1099 3858 1277 3925 adversarii3
1305 3860 1342 3913 de
1368 3860 1479 3916 morbis
1504 3861 1656 3926 lactentum

438 3931 565 3974 afflictius.
604 3940 800 3996 dementibus
819 3941 926 3996 nostris
954 3943 1100 4008 exultent;
1129 3943 1250 4001 cudant,
1276 3943 1417 4008 occidant,
1445 3944 1606 4002 dummodo
1627 3947 1657 4001 in

604 4032 681 4082 sorte
706 4030 872 4080 sanctorum
899 4025 941 4080 sic
967 4044 1132 4081 mereamur
1158 4028 1274 4083 ascribi.
1314 4028 1414 4084 Sancti
1439 4047 1558 4101 quoque
1583 4030 1710 4086 ludi-flet

602 4111 676 4174 bria,
705 4117 760 4164 otc.
806 4110 846 4164 ut
876 4115 984 4180 quanto
1014 4111 1115 4166 mitius
1143 4111 1295 4167 nobiscum
1325 4113 1434 4183 agitur,
1456 4114 1509 4185 qui
1539 4115 1656 4171 duriore

504 4258 508 4266 ¹
602 4194 774 4258 meruimus,
802 4194 828 4249 si
856 4212 957 4249 eorum
982 4200 1128 4250 tormenta
1152 4197 1328 4266 pensamus!
1366 4196 1525 4262 Caeterum,
1548 4200 1658 4256 “dubit

605 4284 624 4307 “
644 4280 725 4334 Deus
744 4279 790 4332 his
819 4297 933 4351 quoquo
960 4279 1078 4334 smum.’'
1115 4280 1192 4335 Ecce
1219 4281 1300 4336 venit
1327 4281 1357 4335 in
1381 4287 1527 4353 potestate
1553 4302 1658 4357 magna
1667 4291 1711 4353 lin

604 4373 633 4423 ct
659 4366 821 4436 majestate,
843 4365 894 4437 qui
919 4364 1097 4421 Damascum
1125 4367 1283 4431 subvertet,
1304 4372 1334 4423 et
1363 4366 1444 4420 dabit
1471 4368 1599 4437 gloriam
1628 4347 1710 4424 ium*

437 4454 542 4516 eochar
603 4450 779 4512 Jerusalem,
799 4468 856 4504 non
876 4451 902 4504 is
922 4467 1010 4520 quem
1029 4449 1245 4521 proposuimus,
1259 4451 1344 4521 cujus
1364 4449 1515 4507 laboribus
1527 4454 1658 4526 pepercit

437 4505 553 4598 {iffii'i
604 4535 693 4600 Deus,
713 4534 766 4590 sed
785 4552 873 4604 qirem
891 4532 1036 4604 disposuit
1055 4533 1207 4598 Dominae,
1228 4535 1333 4588 melius
1361 4535 1550 4591 coirfccturus
1568 4538 1657 4610 partis

437 4607 557 4699 {mim
603 4620 732 4674 adversas
769 4612 936 4690 superbiam
975 4636 1064 4688 quam
1100 4636 1187 4688 quem
1231 4618 1463 4689 expectabamus.
1515 4619 1658 4678 confidite

511 4689 515 4699 ¹
604 4703 711 4773 itaque,
743 4712 772 4757 ot
801 4702 892 4757 nolite
922 4702 1035 4757 timere.
1074 4701 1140 4756 Nisi
1172 4703 1303 4757 fallimur
1321 4721 1383 4766 nou,
1415 4708 1445 4757 et
1475 4722 1579 4760 omnes
1609 4705 1658 4778 qui

603 4805 721 4841 causam
739 4794 867 4841 nostram
887 4787 916 4839 in
935 4787 1017 4840 curia
1035 4786 1167 4840 Romana
1191 4805 1245 4857 pro
1270 4786 1388 4841 Christo
1406 4789 1609 4855 confoverunt,
1629 4791 1658 4845 in

603 4872 666 4941 ipso
679 4870 826 4923 exaudivit
837 4869 982 4925 Dominus
995 4887 1095 4925 vocem
1114 4872 1199 4925 fictus
1212 4872 1314 4926 vostri.
1343 4872 1503 4928 Exaudirit
1515 4874 1658 4930 Dominus
1669 4884 1711 4926 Psi

603 4953 834 5023 deprecationem
853 4959 998 5017 restrium
1027 4954 1170 5008 Dominus
1190 4956 1348 5009 orationem
1368 4964 1498 5013 vestram
1517 4960 1655 5032 suscepit.
1669 4941 1696 4979 ω’

603 5037 784 5091 Erubescent
802 5044 831 5090 ct
849 5038 1069 5101 ‹umturbentun
1091 5046 1146 5093 etc.
1185 5038 1298 5095 valete.
