4192 6392
778 1235 936 1285 rmrroau
959 1233 1165 1285 alunnum.
1453 1217 1496 1289 '79

443 1429 555 1475 sumus,
576 1409 647 1481 quia
666 1408 766 1464 advos
786 1407 1007 1479 appellavimus
1034 1407 1195 1475 Postquam
1208 1407 1285 1460 enim
1298 1423 1351 1476 pre
1364 1408 1498 1477 personis
1528 1400 1649 1448 ibn-11⁸⁷·

442 1504 474 1553 et
490 1496 578 1552 rebus
591 1493 771 1566 appellatum
789 1499 842 1556 est,
863 1500 892 1547 et
909 1492 1007 1547 omnia
1025 1492 1080 1546 sub
1092 1491 1269 1562 protectione
1282 1494 1381 1547 vestra
1392 1492 1495 1563 posita,
1511 1452 1637 1559 affl?

442 1580 524 1653 prior
551 1585 581 1635 et
607 1579 712 1634 fratres
749 1577 883 1648 suspensi
910 1577 1036 1631 fuerunt.
1087 1575 1226 1631 Canonici
1257 1575 1385 1632 instituti
1417 1582 1495 1632 sunt.
1511 1566 1640 1670 {ffissgd

443 1665 566 1737 Capella
589 1668 686 1719 erecta
705 1667 771 1732 post
798 1662 866 1717 novi
885 1662 982 1734 operis
1000 1660 1233 1716 nunciatiouem:
1254 1661 1433 1717 celebratum
1452 1667 1498 1717 est
1512 1650 1650 1761 ιΙΙίεὶοέυέ

444 1748 534 1805 etiam
561 1747 592 1803 in
619 1764 654 1803 ea
671 1745 887 1818 appellantibus
915 1745 999 1800 nobis
1027 1752 1057 1800 et
1081 1745 1317 1801 reclamantibus.
1355 1746 1497 1801 Ecclesia
1511 1729 1575 1761 Μ
1614 1720 1661 1762 ‘⁰¹‘

443 1838 550 1889 noemae
568 1831 614 1887 illi
640 1847 723 1886 novae
744 1831 874 1886 ecclesiae
896 1831 1047 1900 assignata
1072 1830 1182 1884 exenia.
1232 1828 1378 1885 Redditus
1404 1831 1497 1886 nostri

444 1915 591 1971 interdicti
618 1915 696 1985 apud
727 1913 901 1968 Londonias.
939 1913 1097 1968 Pensiones
1123 1912 1313 1969 ecclesiarum
1332 1932 1405 1984 quas
1424 1915 1498 1970 Lon-

444 1999 539 2056 doniis
569 1998 711 2054 habemus
742 1997 889 2060 similiter,
919 2004 949 2052 et
977 2014 1055 2053 nunc
1082 1997 1201 2052 demum
1236 1999 1367 2053 maneria
1399 2005 1499 2054 nostra

445 2084 529 2140 nobis
554 2083 650 2140 ablata
668 2088 745 2148 sunt,
765 2087 915 2136 eteorum
934 2098 1000 2151 quas
1022 2082 1162 2137 hactenus
1180 2081 1336 2137 habuimus
1360 2082 1497 2137 adminis-

446 2168 533 2225 tratio
562 2168 665 2233 libera,
695 2183 730 2220 ex
760 2166 867 2235 quibus
893 2165 1028 2220 omnibus
1057 2165 1106 2221 vix
1133 2182 1223 2220 unum
1251 2165 1408 2238 praemaluit
1432 2184 1498 2221 aue·

445 2252 546 2308 toritas
580 2250 740 2326 apostolica
769 2250 938 2306 reformare.
986 2248 1129 2318 Quoniam
1164 2267 1236 2320 erge
1268 2251 1306 2305 ad
1336 2258 1498 2307 extremum

442 2337 504 2408 jam
525 2335 660 2408 perducti
686 2351 798 2397 sumus,
818 2351 871 2388 nec
897 2335 988 2388 instat
1008 2333 1071 2404 jam
1099 2333 1182 2388 nobis
1200 2333 1314 2404 aliquid
1337 2335 1394 2389 nisi
1419 2335 1498 2390 exire

446 2426 496 2475 aut
513 2419 629 2492 expelli,
649 2418 698 2473 vel
722 2417 819 2473 inedia
837 2417 977 2482 deficere;
997 2416 1149 2488 provideat
1174 2417 1312 2474 discretio
1329 2424 1428 2475 vestra
1445 2436 1498 2490 pre

447 2505 502 2560 Dei
520 2510 551 2560 et
568 2503 689 2574 gloriosi
710 2501 849 2572 martyris
868 2501 986 2556 Thema
1011 2503 1186 2566 reverentia,
1206 2520 1243 2558 ue
1267 2502 1376 2559 ideirco
1394 2504 1498 2560 domus

446 2589 502 2645 Dei
526 2589 674 2659 depereat,
703 2586 771 2659 quia
799 2603 905 2642 nomen
930 2592 1063 2641 vestrum
1090 2587 1299 2652 invocavimus,
1326 2588 1378 2643 sed
1402 2591 1498 2661 magis

447 2692 482 2729 ex
500 2673 681 2744 correptione
707 2672 794 2726 unius
818 2671 1004 2741 corrigantur
1029 2670 1126 2725 multi.
1172 2671 1314 2742 Alioquin
1339 2673 1498 2745 impunitas
1511 2672 1583 2720 lttno

446 2759 567 2831 peccati,
588 2763 622 2812 ut
638 2757 681 2820 fit,
695 2754 846 2811 audaciam
865 2755 961 2826 pariet
978 2753 1176 2826 delinquendi,
1191 2762 1221 2809 et
1238 2761 1345 2811 sancta
1359 2756 1498 2814 Romana
1510 2726 1624 2821 iiiiii*

446 2843 578 2899 ecclesia
604 2840 751 2911 majestas,
772 2839 842 2894 dum
870 2841 956 2894 toties
982 2844 1080 2909 polest
1106 2839 1224 2910 impune
1252 2841 1406 2906 contemni,
1433 2829 1631 2898 cen·¹’””¹³¹¹⁰⁶’

1511 2876 1553 2920 the
1561 2878 1648 2922 elrurch

446 2926 619 2998 temptibilis
637 2923 829 2996 reputabitur.
869 2922 1012 2979 Dominus
1030 2923 1121 2979 vitam
1139 2927 1268 2981 vestram
1292 2931 1445 2983 conservet
1468 2928 1500 2984 iu
1512 2927 1617 2988 ⁰lR⁰m⁰

447 3019 579 3083 tempora
595 3009 738 3080 longiora,
758 3014 842 3080 pater
860 3008 1052 3063 sanctissime.
1512 2978 1657 3082 ssfflffiffin'

555 3226 647 3284 XCV.
686 3226 805 3281 Douma
823 3224 952 3280 aaaron
971 3241 1125 3282 eruamini
1143 3228 1230 3285 Huee
1249 3231 1399 3287 sacrans.
1543 3252 1639 3305 sufflat.

484 3348 516 3405 Si
549 3365 603 3420 pro
627 3351 733 3403 sancta
757 3345 860 3400 matris
888 3344 1019 3400 ecelesia
1046 3348 1164 3413 bonore,
1185 3353 1215 3404 et
1244 3351 1333 3405 totius
1361 3352 1499 3410 Romanae
1513 3368 1585 3422 Hugh
1593 3371 1620 3412 ot

448 3434 539 3490 curia
557 3432 718 3495 devotione,
732 3429 809 3485 unde
827 3445 1003 3500 recognosco
1020 3431 1045 3485 si
1064 3431 1135 3502 quid
1148 3433 1254 3488 valoris
1273 3434 1374 3502 habeo,
1389 3439 1500 3508 magni·
1512 3420 1629 3523 ,lssffli

448 3517 594 3573 ficentiam
611 3520 739 3571 vestram
758 3531 823 3584 quae
841 3514 923 3569 novit
941 3514 1054 3588 etvult
1079 3515 1172 3586 ipsius
1199 3517 1337 3572 honorem
1363 3520 1497 3592 diligere,
1511 3522 1620 3565 arcina·

445 3603 515 3673 jura
542 3607 571 3654 et
598 3600 777 3655 incrementa
803 3613 919 3652 servare
950 3598 1052 3662 illesa,
1080 3617 1153 3653 mear
1179 3602 1333 3672 parvitatis
1360 3604 1499 3661 litterulis
1512 3572 1669 3666 iiieiidiiii'dt

450 3686 612 3756 inquietare
636 3699 791 3753 praesumo,
812 3698 935 3736 naevos
954 3688 1067 3752 gravet,
1087 3699 1140 3737 nee
1159 3683 1190 3738 in
1214 3687 1411 3756 arrogantiam
1429 3690 1502 3746 velit
1513 3674 1664 3768 fflfflm

449 3769 523 3824 mibi
553 3767 719 3838 benignitas
752 3771 851 3820 vestra
875 3765 1030 3820 ascribere.
1068 3765 1161 3822 Novit
1191 3769 1268 3824 enim
1293 3771 1373 3827 Deus
1404 3790 1501 3829 eoram
1642 3767 1648 3777 “

450 3869 508 3925 quo
526 3852 639 3921 loquor,
658 3854 760 3905 noscat
777 3854 807 3903 et
827 3846 1038 3919 benignissima
1056 3856 1154 3905 vestra
1172 3852 1309 3908 discretio
1327 3873 1374 3911 mc
1398 3856 1429 3910 in
1447 3858 1501 3912 hae

449 3937 614 3992 litterarum
634 3934 709 3989 seria
732 3931 807 3986 nihil
825 3948 995 4002 proponere,
1015 3932 1074 3986 nisi
1098 3951 1216 4004 eaquae
1234 3937 1295 3991 vidi
1315 3938 1417 4005 oculis,
1437 3958 1502 4011 pcr-

451 4022 529 4078 sensi
547 4025 653 4083 mente,
667 4024 697 4073 et
714 4016 844 4088 plurium
862 4015 1019 4086 proborum
1038 4018 1204 4074 certissima
1218 4022 1378 4078 assertione
1390 4024 1500 4088 audivi,

450 4103 653 4161 cantuariensi
672 4101 803 4156 ecclesian
822 4099 996 4156 mirabiliter
1015 4106 1045 4155 ct
1062 4103 1268 4160 miserabiliter
1286 4108 1458 4179 periculosa,
1474 4114 1503 4162 et

450 4188 552 4245 honori
577 4195 607 4243 ct
627 4185 764 4256 dignitati
783 4184 920 4239 Romana
938 4184 1070 4240 ecelesiae
1094 4188 1247 4244 manifeste
1266 4199 1296 4246 et
1320 4198 1419 4264 aperte
1438 4210 1504 4247 ron-

450 4274 550 4337 traria,
579 4278 609 4326 et
634 4270 729 4325 modis
755 4270 888 4324 omnibus
915 4269 1104 4325 detrahentia.
1155 4272 1296 4330 Attendat
1319 4282 1349 4331 et
1374 4277 1504 4332 intendat

450 4359 580 4413 virtuosa
597 4353 823 4424 magnanimitas
841 4358 1021 4423 vestraque
1040 4355 1146 4420 animo,
1165 4375 1222 4427 qua
1240 4359 1408 4424 intentione,
1424 4361 1504 4430 quali

451 4442 540 4496 etiam
565 4439 717 4496 devotione
736 4455 904 4509 processum
924 4437 963 4492 sit
991 4439 1021 4491 in
1039 4456 1127 4494 eausa
1152 4446 1180 4494 et
1206 4443 1323 4511 negotio
1352 4442 1501 4498 Cantuari·

451 4526 529 4580 ensis
551 4523 691 4579 ccclesia.
720 4521 897 4577 Vident-ibus
910 4529 940 4576 et
958 4524 1233 4593 recognoscentibus
1253 4543 1321 4580 sane
1342 4528 1501 4594 monachis,
1515 4540 1654 4584 'llarnonks

452 4608 530 4680 qued
548 4624 612 4662 eam
624 4605 759 4663 deminus
772 4605 1007 4677 archiepiscopus
1026 4605 1116 4662 vellet
1134 4608 1308 4678 pernimium
1329 4628 1502 4681 aggravare,
1515 4592 1640 4693 ssflfssffi'

452 4711 483 4748 se
508 4699 539 4749 ct
556 4709 609 4747 sna
635 4696 701 4747 ante
719 4708 801 4747 novur
820 4690 951 4746 ccclesias
977 4691 1061 4745 initia
1085 4693 1263 4762 protectione
1282 4693 1391 4749 demini
1410 4715 1501 4768 papa),
1515 4692 1595 4784 placed

452 4775 644 4848 appellatione
662 4775 843 4845 interposita,
862 4780 1022 4845 posuerunt
1043 4792 1140 4830 coram
1160 4777 1269 4843 multis,
1290 4777 1345 4833 hoe
1369 4780 1503 4849 profitcn-
1515 4742 1652 4836 diiii?

452 4859 533 4915 tibus
552 4865 583 4912 et
605 4858 820 4922 attestantibus,
835 4875 902 4912 cum
914 4875 1033 4913 neeesse
1046 4859 1152 4925 fuerit;
1173 4861 1308 4917 dominus
1322 4880 1391 4918 vero
1410 4862 1503 4917 archi·
1514 4844 1652 4938 ffiffif'm'

452 4943 606 5014 episeopus
624 4943 813 4997 nihilominus
828 4942 914 5012 juxta
931 4942 1077 4998 desideria
1095 4943 1191 4998 cordis
1210 4946 1265 5010 sui,
1286 4946 1316 4998 in
1334 4962 1421 5014 opere
1439 4962 1504 5000 eon·
1516 4959 1631 5053 stampe

453 5034 539 5099 cepte
564 5027 723 5097 processit:
750 5027 821 5098 quin
845 5027 886 5081 ibi
917 5026 1045 5095 ligneam
1077 5028 1206 5084 firmaret
1233 5029 1395 5094 ecclesiam,
1427 5010 1671 5115 sicut[iffssdssflfffffidng

454 5111 529 5167 bene
547 5109 690 5176 audistin
716 5110 832 5168 tandem
860 5109 1010 5180 prohibuit
1029 5111 1163 5168 dominus
1184 5129 1267 5183 papa,
1286 5120 1374 5184 prout
1396 5113 1503 5171 melius
1515 5112 1648 5207 &¹138le
