4192 6392
604 1184 668 1247 284
886 1195 1057 1247 EPISTOLAE
1079 1191 1372 1255 esurummusss,

454 1387 575 1434 semim.
603 1378 757 1443 postquam
781 1371 915 1426 dominus
934 1369 1098 1424 Bandulfus
1125 1368 1162 1424 de
1188 1367 1335 1424 Glanvillu
1362 1387 1380 1422 a
1405 1368 1488 1422 nobis
1508 1366 1653 1430 discessit,
1666 1377 1779 1423 scetem

453 1440 575 1533 „Qu
603 1456 749 1510 voluimus
768 1455 804 1509 od
822 1473 874 1509 vos
886 1454 923 1509 de
935 1453 1076 1508 fratribus
1094 1453 1202 1507 nostris
1220 1453 1428 1508 transmittere.
1467 1450 1552 1506 Unde
1565 1451 1655 1505 etiam
1667 1433 1720 1474 Μ

437 1552 485 1596 'rue
492 1555 592 1597 convent
603 1538 717 1593 litteras
735 1537 845 1593 domini
856 1536 984 1592 Huberti
997 1536 1100 1592 decani
1110 1537 1313 1602 Eborecensis,
1327 1537 1363 1592 de
1376 1537 1457 1592 salvo
1475 1536 1506 1590 in
1518 1535 1614 1589 eundo
1626 1541 1657 1590 et

436 1603 573 1706 ἷῖξζᾟῗθ
603 1625 752 1680 redeundo
769 1624 923 1688 conductu,
936 1623 1160 1696 postulavimus,
1175 1625 1227 1679 sed
1246 1643 1295 1680 eas
1306 1625 1414 1679 habere
1427 1641 1484 1679 non
1495 1623 1654 1695 potuimus,

436 1703 576 1798 ffigffi
604 1710 662 1766 nisi
680 1709 711 1763 in
729 1727 765 1763 ea
782 1710 876 1763 forma
893 1725 952 1779 qua
970 1707 1054 1763 nobis
1069 1708 1239 1778 scripsistis,
1253 1709 1370 1764 mittere
1381 1708 1534 1763 vellemus.
1572 1705 1657 1775 Quod

437 1805 567 1848 nulroun-
605 1795 706 1864 utique
724 1793 820 1847 facere
838 1809 895 1846 non
912 1809 1077 1862 possumus,
1096 1796 1161 1846 tum
1180 1794 1249 1863 quia
1272 1811 1329 1847 non
1347 1792 1404 1847 fuit
1422 1793 1499 1848 inter
1524 1808 1578 1846 nos
1606 1791 1657 1861 qui

437 1855 587 1958 {ibim
605 1895 669 1932 rem
686 1881 798 1932 tantam
815 1875 938 1930 auderet
963 1875 1121 1946 suscipere,
1141 1882 1206 1931 tum
1233 1877 1303 1948 quia
1327 1894 1384 1931 non
1410 1893 1510 1930 sumus
1532 1876 1597 1930 ausi
1616 1876 1659 1930 ita

436 1957 580 2001 demin&
605 1960 726 2032 precise
750 1960 901 2030 negotium
918 1959 1120 2016 universitatis
1131 1959 1221 2015 elicui
1246 1961 1437 2016 committere.
1475 1958 1658 2030 Quapropter

437 2007 594 2111 milo*
604 2044 744 2100 nuncium
763 2043 907 2115 quendem
924 2061 992 2099 eum
1010 2043 1119 2098 litteris
1137 2045 1246 2099 nostris
1265 2045 1302 2098 ad
1316 2046 1371 2099 hoe
1390 2044 1487 2114 ipsum
1506 2041 1658 2098 serenitati

428 2108 581 2202 ffiss'fflof
605 2135 711 2184 vestros
729 2127 923 2182 intimandum
941 2127 1095 2182 misimus:
1118 2128 1249 2198 quicum
1268 2127 1376 2183 infecto
1388 2127 1507 2197 negotio
1519 2144 1658 2181 reversus

437 2209 586 2311 {33:3¹¹ss
605 2218 692 2309 esset,
724 2229 794 2307 quia
823 2211 860 2265 od
889 2228 941 2266 vos
971 2227 1123 2266 aceessum
1153 2211 1260 2307 babere
1290 2229 1348 2265 non
1374 2217 1479 2282 potuit,
1512 2211 1658 2306 elegimus

438 2310 556 2403 mh
604 2315 701 2367 magis
718 2295 849 2366 periculo
866 2313 919 2390 nos
937 2312 1089 2366 exponere,
1110 2301 1141 2350 et
1157 2301 1406 2391 iterlquoeunquo
1419 2293 1505 2349 modo
1517 2312 1657 2365 arripere,

437 2373 584 2454 mecon-⁷7
605 2399 694 2452 quam
720 2397 772 2450 per
799 2380 961 2475 absentiam
978 2385 1109 2434 nostram
1136 2385 1323 2434 seremtutem
1349 2384 1477 2435 vestram
1504 2378 1659 2473 offendere.

438 2461 506 2503 duee
519 2461 576 2555 Ἢ
605 2464 690 2520 Unde
708 2471 898 2534 presentium
923 2464 1032 2518 latores
1051 2463 1157 2518 iratres
1175 2471 1290 2519 nostros
1316 2463 1354 2518 ed
1381 2463 1471 2534 pedes
1495 2468 1659 2533 majostotls

438 2514 563 2605 firmior
606 2555 712 2604 vestrm
731 2548 921 2612 destinamus,
941 2548 1093 2603 humiliter
1118 2553 1150 2602 et
1167 2547 1271 2603 devote
1289 2565 1389 2603 omnes
1407 2553 1438 2602 et
1456 2546 1567 2618 singuli
1591 2564 1659 2601 oum

438 2611 585 2656 ‘mm
605 2631 743 2702 lucrymis
756 2631 955 2702 deprecantes,
970 2637 1003 2686 ut
1013 2631 1107 2686 nostri
1125 2631 1260 2686 misereri
1277 2631 1449 2702 dignemini,
1463 2648 1517 2685 nec
1534 2629 1660 2685 ulterius

520 2717 522 2721 '
605 2715 766 2787 patiamini,
781 2715 807 2770 si
818 2716 923 2786 placet,
943 2731 996 2769 nos
1014 2715 1057 2771 ita
1075 2714 1183 2785 affligi;
1204 2715 1319 2771 desiout
1336 2715 1393 2770 isto
1410 2731 1468 2769 non
1485 2714 1657 2777 meruimus,

554 2819 556 2822 ·
606 2805 693 2870 prout
710 2799 866 2862 eredimus,
886 2805 917 2854 et
934 2798 1049 2854 desicut
1073 2799 1169 2869 parati
1194 2817 1295 2854 sumus
1314 2798 1430 2853 domino
1447 2804 1548 2853 nostro
1566 2797 1660 2853 archi·

606 2883 752 2953 episcopo,
772 2882 929 2937 dummodo
946 2888 1047 2938 nostra
1064 2883 1148 2937 nobis
1160 2883 1307 2948 restituat,
1321 2888 1352 2937 et
1363 2882 1505 2954 cupellam
1524 2881 1658 2952 deponat,

606 2967 735 3021 debitam
753 2972 783 3020 et
810 2965 944 3020 devotam
974 2966 1005 3020 in
1035 2966 1169 3021 omnibus
1188 2966 1382 3021 obedientium
1409 2972 1440 3021 et
1464 2965 1660 3020 reverentiam

606 3050 751 3104 exhibere.
789 3047 890 3104 Vitam
920 3054 950 3104 ot
979 3049 1212 3105 incolumitatem
1247 3056 1376 3105 vestrum
1412 3057 1565 3104 conservet
1595 3049 1658 3103 Rex

605 3151 720 3206 regum,
740 3140 771 3187 et
788 3132 892 3188 dilatet
909 3133 1075 3204 imperium.

457 3339 578 3436 uma
636 3330 797 3389 OOXOIX.
836 3329 1006 3388 Oouvrrrus
1024 3331 1255 3471 eligiumnms
1274 3331 1309 3388 G.
1330 3345 1471 3386 usorsmo
1489 3330 1621 3386 Mnms

1095 3430 1192 3471 surm.

439 3535 595 3596 {rhemnvent
644 3526 775 3581 Salutem
808 3531 839 3580 et
868 3526 983 3581 afflictis
1014 3526 1151 3596 compati.
1184 3525 1260 3594 Quia
1289 3526 1433 3597 angustiae
1469 3526 1553 3580 nobis
1591 3531 1659 3580 sunt

440 3587 573 3679 fflfflff
606 3610 744 3679 undique,
765 3615 795 3663 ot
812 3627 894 3663 novae
913 3610 1072 3664 anxietates
1091 3610 1174 3664 nobis
1194 3616 1380 3664 succrescunt
1398 3609 1537 3680 quotidie,
1552 3609 1590 3663 ud
1608 3627 1659 3662 vos

440 3687 581 3789 {Jffi‘ffg'le
607 3699 686 3748 tento
704 3692 868 3747 fiducialius
887 3694 1095 3747 recurrendum
1114 3711 1179 3748 esse
1192 3694 1367 3757 censuimus
1382 3701 1489 3764 (perunte
1501 3693 1659 3747 bonitatem

440 3777 594 3830 ‹liiinotsend
607 3782 637 3831 et
654 3776 865 3846 benignitatem
885 3783 1013 3830 vestram
1038 3778 1245 3831 ferventiorem
1271 3783 1301 3831 ct
1326 3778 1487 3831 fideliorem
1511 3777 1590 3831 circo
1608 3795 1659 3830 nos

440 3850 585 3937 ’ὣῇᾞῇῗὲ
607 3860 781 3914 invenimus.
819 3859 893 3913 Inde
912 3865 957 3915 est
975 3859 1053 3930 quod
1066 3878 1166 3930 preces
1180 3861 1350 3915 affectuosus
1368 3860 1452 3915 vobis
1470 3861 1659 3931 porrigimus,

440 3939 743 4033 fflfflsszrogantcs
779 3943 929 4007 attentius,
963 3950 1106 4013 quotenus
1137 3952 1234 4015 partes
1261 3950 1374 3999 vestras
1405 3944 1483 4014 opud
1510 3944 1659 3997 dominum

607 4045 708 4098 regem
723 4027 818 4081 adhuc
836 4027 935 4081 velitis
955 4028 1148 4098 interponere.
1187 4029 1336 4083 Timemus
1355 4028 1432 4082 enim
1453 4046 1488 4082 ne
1515 4029 1659 4082 irascetur

607 4112 700 4175 nobie,
728 4128 762 4164 eo
788 4112 866 4182 quod
892 4111 978 4181 juxto
1007 4113 1130 4166 sormam
1161 4113 1326 4167 litterarum
1357 4131 1429 4183 quus
1457 4130 1551 4183 nuper
1578 4113 1660 4166 uobis

607 4196 773 4260 destinavit,
794 4195 831 4250 ad
849 4213 917 4249 eum
935 4214 992 4250 non
1010 4197 1154 4251 misimus.
1192 4196 1241 4251 Sic
1260 4197 1337 4250 enim
1350 4197 1467 4251 mittere
1484 4197 1571 4250 vuldo
1584 4197 1659 4267 peri·

607 4282 739 4337 culusum
758 4286 788 4336 et
806 4280 1024 4350 dispendiosum
1043 4281 1207 4344 videbatur,
1227 4287 1258 4335 et
1275 4280 1400 4334 maxime
1419 4280 1534 4334 desieut
1559 4298 1660 4334 sumus

607 4365 777 4421 incarcerati
796 4369 826 4418 et
844 4365 977 4434 expensis
996 4366 1148 4420 attenuati.
1171 4365 1327 4420 Voluimus
1347 4371 1444 4418 tamen
1464 4363 1605 4434 quosdam
1623 4363 1660 4417 do

607 4450 746 4503 frutribus
765 4449 874 4504 nostris
902 4448 939 4501 ud
966 4449 1164 4502 excusandum
1189 4466 1241 4502 nos
1260 4449 1397 4512 mittere;
1425 4454 1455 4502 ot
1479 4453 1512 4501 ut
1530 4448 1659 4501 onimum

607 4534 671 4602 ejus
693 4551 845 4602 possemus
871 4532 1018 4601 mitigare,
1047 4531 1099 4585 sed
1124 4532 1238 4586 litteras
1268 4532 1359 4585 libere
1391 4531 1524 4596 exeundi,
1545 4549 1618 4602 quus
1643 4549 1661 4584 o

607 4617 723 4671 domino
750 4616 884 4671 Huberto
903 4615 1011 4670 deceno
1036 4616 1214 4670 Eboracensi
1231 4616 1453 4685 postulavimus,
1474 4615 1582 4668 hebere
1601 4633 1656 4669 nou

641 4801 648 4830 ¹
668 4801 766 4850 Gesord
778 4801 807 4848 of
815 4800 938 4849 Bideford
951 4816 1001 4850 uus
1012 4801 1108 4850 lloster
1155 4800 1249 4850 Muster
1260 4800 1290 4849 of
1299 4799 1342 4850 the
1353 4801 1458 4864 Temple
1475 4799 1502 4848 iu
1513 4801 1621 4850 Loudon
1639 4801 1660 4849 is

606 4880 637 4929 of
651 4879 695 4928 the
711 4879 843 4943 Templars
854 4886 881 4928 at
897 4879 948 4929 this
964 4878 1025 4929 time
1038 4900 1045 4939 3
1064 4881 1109 4929 but
1156 4888 1249 4941 meant,
1262 4880 1379 4944 Geoffrey
1391 4880 1581 4943 Fitz·Stephen.
1612 4881 1660 4931 See

606 4957 638 5007 he
661 4974 713 5007 was
738 4974 754 5007 a
773 4959 886 5021 prisoner
913 4958 941 5006 iu
966 4958 1009 5008 the
1038 4959 1108 5023 Holy
1158 4959 1477 5021 Gervase,Ctron.,1554.
1503 4958 1659 5025 Meminpl.

606 5036 685 5095 Iend,
696 5039 746 5086 and
758 5037 800 5085 the
819 5038 892 5087 letter
903 5052 951 5086 ean
969 5038 1058 5103 hardly
1076 5039 1108 5087 bo
1156 5039 1190 5089 vi.
1204 5045 1262 5090 821.

608 5118 739 5165 addressed
765 5124 791 5165 to
819 5116 880 5166 him.
915 5117 1043 5181 Probably
1065 5117 1109 5168 the
