<?xml version="1.0" encoding="UTF-8"?>
<!DOCTYPE html PUBLIC "-//W3C//DTD XHTML 1.0 Transitional//EN"
    "http://www.w3.org/TR/xhtml1/DTD/xhtml1-transitional.dtd">
<html xmlns="http://www.w3.org/1999/xhtml" xml:lang="en" lang="en">
 <head>
  <title>
</title>
<meta http-equiv="Content-Type" content="text/html;charset=utf-8" />
  <meta name='ocr-system' content='tesseract 3.04.00' />
  <meta name='ocr-capabilities' content='ocr_page ocr_carea ocr_par ocr_line ocrx_word'/>
</head>
<body>
  <div class='ocr_page' id='page_1' title='image "./epistolaecantua00stubgoog_0392.png"; bbox 0 0 4192 6392; ppageno 0'>
   <div class='ocr_carea' id='block_1_1' title="bbox 607 1171 1372 1248">
    <p class='ocr_par' dir='ltr' id='par_1_1' title="bbox 607 1171 1372 1248">
     <span class='ocr_line' id='line_1_1' title="bbox 607 1171 1372 1248; baseline 0.004 -15"><span class='ocrx_word' id='word_1_1' title='bbox 607 1171 671 1235; x_wconf 89' lang='lat'><strong>190</strong></span> <span class='ocrx_word' id='word_1_2' title='bbox 888 1187 1061 1240; x_wconf 79' lang='lat' dir='ltr'><strong>sersroan</strong></span> <span class='ocrx_word' id='word_1_3' title='bbox 1082 1184 1372 1248; x_wconf 76' lang='lat' dir='ltr'><strong>cssrosarassvs,</strong></span> 
     </span>
    </p>
   </div>
   <div class='ocr_carea' id='block_1_2' title="bbox 435 1358 1786 5212">
    <p class='ocr_par' dir='ltr' id='par_1_2' title="bbox 435 1358 1786 5212">
     <span class='ocr_line' id='line_1_2' title="bbox 456 1358 1660 1431; baseline 0.007 -22"><span class='ocrx_word' id='word_1_4' title='bbox 456 1361 579 1411; x_wconf 61' lang='lat' dir='ltr'><strong>aalma</strong></span> <span class='ocrx_word' id='word_1_5' title='bbox 605 1359 744 1431; x_wconf 87' lang='lat' dir='ltr'><strong>impulsu,</strong></span> <span class='ocrx_word' id='word_1_6' title='bbox 764 1359 829 1431; x_wconf 86' lang='lat' dir='ltr'><strong>pari</strong></span> <span class='ocrx_word' id='word_1_7' title='bbox 846 1359 1044 1416; x_wconf 87' lang='lat' dir='ltr'><strong>tribulationis</strong></span> <span class='ocrx_word' id='word_1_8' title='bbox 1063 1360 1191 1417; x_wconf 89' lang='lat' dir='ltr'><strong>ludibrio</strong></span> <span class='ocrx_word' id='word_1_9' title='bbox 1218 1360 1360 1426; x_wconf 87' lang='lat' dir='ltr'><strong>laborare,</strong></span> <span class='ocrx_word' id='word_1_10' title='bbox 1380 1359 1439 1417; x_wconf 90' lang='lat' dir='ltr'><strong>nisi</strong></span> <span class='ocrx_word' id='word_1_11' title='bbox 1464 1358 1584 1417; x_wconf 88' lang='lat' dir='ltr'><strong>modum</strong></span> <span class='ocrx_word' id='word_1_12' title='bbox 1608 1377 1660 1417; x_wconf 88' lang='lat' dir='ltr'><strong>ex·</strong></span> 
     </span>
     <span class='ocr_line' id='line_1_3' title="bbox 437 1412 1659 1535; baseline 0.002 -37"><span class='ocrx_word' id='word_1_13' title='bbox 437 1412 559 1535; x_wconf 47' lang='lat' dir='ltr'><strong>Bw</strong></span> <span class='ocrx_word' id='word_1_14' title='bbox 605 1443 723 1499; x_wconf 89' lang='lat' dir='ltr'><strong>cederet</strong></span> <span class='ocrx_word' id='word_1_15' title='bbox 738 1449 960 1515; x_wconf 75' lang='lat' dir='ltr'>persecutorum</span> <span class='ocrx_word' id='word_1_16' title='bbox 987 1445 1163 1510; x_wconf 86' lang='lat' dir='ltr'><strong>immanitas,</strong></span> <span class='ocrx_word' id='word_1_17' title='bbox 1183 1444 1244 1500; x_wconf 90' lang='lat' dir='ltr'><strong>nisi</strong></span> <span class='ocrx_word' id='word_1_18' title='bbox 1274 1461 1340 1500; x_wconf 84' lang='lat' dir='ltr'><strong>eam</strong></span> <span class='ocrx_word' id='word_1_19' title='bbox 1362 1443 1432 1500; x_wconf 89' lang='lat' dir='ltr'><strong>hine</strong></span> <span class='ocrx_word' id='word_1_20' title='bbox 1456 1443 1560 1516; x_wconf 87' lang='lat' dir='ltr'><strong>patris,</strong></span> <span class='ocrx_word' id='word_1_21' title='bbox 1586 1444 1659 1501; x_wconf 88' lang='lat' dir='ltr'><strong>hino</strong></span> 
     </span>
     <span class='ocr_line' id='line_1_4' title="bbox 436 1516 1658 1601; baseline 0.004 -19"><span class='ocrx_word' id='word_1_22' title='bbox 436 1539 570 1595; x_wconf 64' lang='lat' dir='ltr'><strong>flumem</strong></span> <span class='ocrx_word' id='word_1_23' title='bbox 604 1527 719 1599; x_wconf 89' lang='lat' dir='ltr'><strong>patroni</strong></span> <span class='ocrx_word' id='word_1_24' title='bbox 745 1516 951 1599; x_wconf 83' lang='lat' dir='ltr'><strong>argumentoso</strong></span> <span class='ocrx_word' id='word_1_25' title='bbox 980 1529 1203 1601; x_wconf 83' lang='lat' dir='ltr'><strong>conspirationis</strong></span> <span class='ocrx_word' id='word_1_26' title='bbox 1224 1529 1324 1601; x_wconf 85' lang='lat' dir='ltr'><strong>jaculo</strong></span> <span class='ocrx_word' id='word_1_27' title='bbox 1349 1529 1493 1586; x_wconf 73' lang='lat' dir='ltr'><strong>niteretur</strong></span> <span class='ocrx_word' id='word_1_28' title='bbox 1517 1528 1658 1600; x_wconf 78' lang='lat' dir='ltr'><strong>impietas</strong></span> 
     </span>
     <span class='ocr_line' id='line_1_5' title="bbox 435 1589 1657 1688; baseline 0.001 -22"><span class='ocrx_word' id='word_1_29' title='bbox 435 1589 547 1688; x_wconf 52' lang='lat' dir='ltr'><strong>iffi*</strong></span> <span class='ocrx_word' id='word_1_30' title='bbox 604 1612 775 1667; x_wconf 73' lang='lat' dir='ltr'><strong>eviscerare.</strong></span> <span class='ocrx_word' id='word_1_31' title='bbox 812 1611 926 1684; x_wconf 81' lang='lat' dir='ltr'><strong>Quippe</strong></span> <span class='ocrx_word' id='word_1_32' title='bbox 938 1612 1152 1669; x_wconf 84' lang='lat' dir='ltr'><strong>distribuantur</strong></span> <span class='ocrx_word' id='word_1_33' title='bbox 1167 1619 1308 1685; x_wconf 88' lang='lat' dir='ltr'><strong>tempora,</strong></span> <span class='ocrx_word' id='word_1_34' title='bbox 1322 1619 1353 1669; x_wconf 89' lang='lat' dir='ltr'><strong>et</strong></span> <span class='ocrx_word' id='word_1_35' title='bbox 1364 1611 1551 1670; x_wconf 88' lang='lat' dir='ltr'><strong>concordabit</strong></span> <span class='ocrx_word' id='word_1_36' title='bbox 1562 1613 1657 1685; x_wconf 83' lang='lat' dir='ltr'><strong>scrip·</strong></span> 
     </span>
     <span class='ocr_line' id='line_1_6' title="bbox 604 1695 1657 1770; baseline 0.007 -20"><span class='ocrx_word' id='word_1_37' title='bbox 604 1702 679 1750; x_wconf 87' lang='lat' dir='ltr'><strong>tura.</strong></span> <span class='ocrx_word' id='word_1_38' title='bbox 725 1695 821 1761; x_wconf 83' lang='lat' dir='ltr'><strong>Solus,</strong></span> <span class='ocrx_word' id='word_1_39' title='bbox 851 1697 979 1768; x_wconf 88' lang='lat' dir='ltr'><strong>inquam,</strong></span> <span class='ocrx_word' id='word_1_40' title='bbox 1009 1697 1124 1753; x_wconf 86' lang='lat' dir='ltr'><strong>Pharao</strong></span> <span class='ocrx_word' id='word_1_41' title='bbox 1153 1715 1255 1769; x_wconf 84' lang='lat' dir='ltr'><strong>prenae</strong></span> <span class='ocrx_word' id='word_1_42' title='bbox 1284 1697 1430 1754; x_wconf 76' lang='lat' dir='ltr'><strong>Israelitis</strong></span> <span class='ocrx_word' id='word_1_43' title='bbox 1460 1702 1526 1752; x_wconf 84' lang='lat' dir='ltr'><strong>ante</strong></span> <span class='ocrx_word' id='word_1_44' title='bbox 1555 1696 1657 1770; x_wconf 85' lang='lat' dir='ltr'><strong>legem</strong></span> 
     </span>
     <span class='ocr_line' id='line_1_7' title="bbox 602 1779 1657 1853; baseline 0.003 -19"><span class='ocrx_word' id='word_1_45' title='bbox 602 1779 692 1835; x_wconf 86' lang='lat' dir='ltr'><strong>letam</strong></span> <span class='ocrx_word' id='word_1_46' title='bbox 715 1779 877 1837; x_wconf 71' lang='lat' dir='ltr'><strong>intentabat</strong></span> <span class='ocrx_word' id='word_1_47' title='bbox 906 1787 937 1837; x_wconf 89' lang='lat' dir='ltr'><strong>et</strong></span> <span class='ocrx_word' id='word_1_48' title='bbox 962 1798 1074 1853; x_wconf 87' lang='lat' dir='ltr'><strong>aspera.</strong></span> <span class='ocrx_word' id='word_1_49' title='bbox 1123 1780 1209 1838; x_wconf 81' lang='lat' dir='ltr'><strong>Solus</strong></span> <span class='ocrx_word' id='word_1_50' title='bbox 1236 1781 1339 1853; x_wconf 91' lang='lat' dir='ltr'><strong>utique</strong></span> <span class='ocrx_word' id='word_1_51' title='bbox 1369 1782 1483 1837; x_wconf 87' lang='lat' dir='ltr'><strong>Pharao</strong></span> <span class='ocrx_word' id='word_1_52' title='bbox 1511 1781 1657 1853; x_wconf 90' lang='lat' dir='ltr'><strong>populum</strong></span> 
     </span>
     <span class='ocr_line' id='line_1_8' title="bbox 602 1863 1657 1936; baseline 0.003 -18"><span class='ocrx_word' id='word_1_53' title='bbox 602 1864 659 1919; x_wconf 92' lang='lat' dir='ltr'><strong>sibi</strong></span> <span class='ocrx_word' id='word_1_54' title='bbox 683 1863 833 1930; x_wconf 84' lang='lat' dir='ltr'><strong>rebellem,</strong></span> <span class='ocrx_word' id='word_1_55' title='bbox 865 1871 983 1936; x_wconf 88' lang='lat' dir='ltr'><strong>gentem</strong></span> <span class='ocrx_word' id='word_1_56' title='bbox 1013 1882 1103 1936; x_wconf 88' lang='lat' dir='ltr'><strong>quem</strong></span> <span class='ocrx_word' id='word_1_57' title='bbox 1132 1865 1299 1921; x_wconf 76' lang='lat' dir='ltr'><strong>enutriebat</strong></span> <span class='ocrx_word' id='word_1_58' title='bbox 1321 1872 1352 1923; x_wconf 89' lang='lat' dir='ltr'><strong>et</strong></span> <span class='ocrx_word' id='word_1_59' title='bbox 1381 1865 1567 1930; x_wconf 79' lang='lat' dir='ltr'><strong>exaltaverat,</strong></span> <span class='ocrx_word' id='word_1_60' title='bbox 1598 1865 1657 1921; x_wconf 87' lang='lat' dir='ltr'><strong>sub</strong></span> 
     </span>
     <span class='ocr_line' id='line_1_9' title="bbox 601 1947 1654 2022; baseline 0.005 -21"><span class='ocrx_word' id='word_1_61' title='bbox 601 1947 707 2003; x_wconf 77' lang='lat' dir='ltr'><strong>debita</strong></span> <span class='ocrx_word' id='word_1_62' title='bbox 725 1949 876 2005; x_wconf 87' lang='lat' dir='ltr'><strong>servitutis</strong></span> <span class='ocrx_word' id='word_1_63' title='bbox 894 1955 997 2006; x_wconf 87' lang='lat' dir='ltr'><strong>catena</strong></span> <span class='ocrx_word' id='word_1_64' title='bbox 1012 1950 1120 2006; x_wconf 90' lang='lat' dir='ltr'><strong>merito</strong></span> <span class='ocrx_word' id='word_1_65' title='bbox 1146 1949 1338 2022; x_wconf 88' lang='lat' dir='ltr'><strong>deprimebat,</strong></span> <span class='ocrx_word' id='word_1_66' title='bbox 1359 1949 1497 2005; x_wconf 74' lang='lat' dir='ltr'><strong>Judaeum</strong></span> <span class='ocrx_word' id='word_1_67' title='bbox 1515 1947 1654 2015; x_wconf 82' lang='lat' dir='ltr'><strong>Gentilis,</strong></span> 
     </span>
     <span class='ocr_line' id='line_1_10' title="bbox 601 2032 1657 2105; baseline 0.002 -18"><span class='ocrx_word' id='word_1_68' title='bbox 601 2032 734 2088; x_wconf 88' lang='lat' dir='ltr'><strong>occultus</strong></span> <span class='ocrx_word' id='word_1_69' title='bbox 752 2032 963 2104; x_wconf 78' lang='lat' dir='ltr'><strong>disparitatem,</strong></span> <span class='ocrx_word' id='word_1_70' title='bbox 989 2039 1021 2090; x_wconf 93' lang='lat' dir='ltr'><strong>et</strong></span> <span class='ocrx_word' id='word_1_71' title='bbox 1047 2034 1158 2089; x_wconf 91' lang='lat' dir='ltr'><strong>exitum</strong></span> <span class='ocrx_word' id='word_1_72' title='bbox 1183 2035 1219 2089; x_wconf 88' lang='lat' dir='ltr'><strong>ab</strong></span> <span class='ocrx_word' id='word_1_73' title='bbox 1237 2035 1369 2105; x_wconf 81' lang='lat' dir='ltr'><strong>AEgypto</strong></span> <span class='ocrx_word' id='word_1_74' title='bbox 1391 2033 1522 2091; x_wconf 83' lang='lat' dir='ltr'><strong>severius</strong></span> <span class='ocrx_word' id='word_1_75' title='bbox 1546 2050 1657 2104; x_wconf 84' lang='lat' dir='ltr'><strong>angus·</strong></span> 
     </span>
     <span class='ocr_line' id='line_1_11' title="bbox 600 2116 1655 2184; baseline 0.002 -13"><span class='ocrx_word' id='word_1_76' title='bbox 600 2116 690 2172; x_wconf 85' lang='lat' dir='ltr'><strong>tabat.</strong></span> <span class='ocrx_word' id='word_1_77' title='bbox 728 2117 969 2175; x_wconf 81' lang='lat' dir='ltr'><strong>Cantuariensem</strong></span> <span class='ocrx_word' id='word_1_78' title='bbox 994 2135 1067 2174; x_wconf 90' lang='lat' dir='ltr'><strong>vero</strong></span> <span class='ocrx_word' id='word_1_79' title='bbox 1089 2118 1253 2184; x_wconf 88' lang='lat' dir='ltr'><strong>ecclesiam,</strong></span> <span class='ocrx_word' id='word_1_80' title='bbox 1277 2118 1359 2174; x_wconf 89' lang='lat' dir='ltr'><strong>dictu</strong></span> <span class='ocrx_word' id='word_1_81' title='bbox 1381 2116 1560 2181; x_wconf 85' lang='lat' dir='ltr'><strong>miserabile,</strong></span> <span class='ocrx_word' id='word_1_82' title='bbox 1584 2117 1655 2173; x_wconf 85' lang='lat' dir='ltr'><strong>binc</strong></span> 
     </span>
     <span class='ocr_line' id='line_1_12' title="bbox 600 2201 1655 2275; baseline -0.001 -19"><span class='ocrx_word' id='word_1_83' title='bbox 600 2206 739 2272; x_wconf 81' lang='lat' dir='ltr'><strong>patrumm</strong></span> <span class='ocrx_word' id='word_1_84' title='bbox 769 2210 925 2275; x_wconf 75' lang='lat' dir='ltr'><strong>expugnat,</strong></span> <span class='ocrx_word' id='word_1_85' title='bbox 957 2202 1026 2258; x_wconf 90' lang='lat' dir='ltr'><strong>hino</strong></span> <span class='ocrx_word' id='word_1_86' title='bbox 1055 2208 1139 2273; x_wconf 89' lang='lat' dir='ltr'><strong>pater</strong></span> <span class='ocrx_word' id='word_1_87' title='bbox 1169 2202 1303 2273; x_wconf 78' lang='lat' dir='ltr'><strong>extirpet,</strong></span> <span class='ocrx_word' id='word_1_88' title='bbox 1322 2207 1406 2273; x_wconf 81' lang='lat' dir='ltr'><strong>pater</strong></span> <span class='ocrx_word' id='word_1_89' title='bbox 1423 2206 1598 2257; x_wconf 85' lang='lat' dir='ltr'><strong>novercatur</strong></span> <span class='ocrx_word' id='word_1_90' title='bbox 1621 2201 1655 2256; x_wconf 92' lang='lat' dir='ltr'><strong>in</strong></span> 
     </span>
     <span class='ocr_line' id='line_1_13' title="bbox 600 2284 1655 2358; baseline 0.003 -20"><span class='ocrx_word' id='word_1_91' title='bbox 600 2284 685 2350; x_wconf 87' lang='lat' dir='ltr'><strong>filios,</strong></span> <span class='ocrx_word' id='word_1_92' title='bbox 705 2290 788 2358; x_wconf 85' lang='lat' dir='ltr'><strong>patro</strong></span> <span class='ocrx_word' id='word_1_93' title='bbox 807 2305 864 2343; x_wconf 90' lang='lat' dir='ltr'><strong>nus</strong></span> <span class='ocrx_word' id='word_1_94' title='bbox 892 2286 1000 2342; x_wconf 89' lang='lat' dir='ltr'><strong>delirat</strong></span> <span class='ocrx_word' id='word_1_95' title='bbox 1024 2286 1055 2341; x_wconf 93' lang='lat' dir='ltr'><strong>in</strong></span> <span class='ocrx_word' id='word_1_96' title='bbox 1070 2286 1191 2343; x_wconf 86' lang='lat' dir='ltr'><strong>sbditos.</strong></span> <span class='ocrx_word' id='word_1_97' title='bbox 1231 2286 1368 2357; x_wconf 80' lang='lat' dir='ltr'><strong>Regnum</strong></span> <span class='ocrx_word' id='word_1_98' title='bbox 1397 2291 1428 2342; x_wconf 83' lang='lat' dir='ltr'><strong>et</strong></span> <span class='ocrx_word' id='word_1_99' title='bbox 1457 2284 1655 2341; x_wconf 70' lang='lat' dir='ltr'><strong>sacerdotium</strong></span> 
     </span>
     <span class='ocr_line' id='line_1_14' title="bbox 600 2369 1653 2443; baseline 0.002 -19"><span class='ocrx_word' id='word_1_100' title='bbox 600 2386 668 2425; x_wconf 88' lang='lat' dir='ltr'><strong>suas</strong></span> <span class='ocrx_word' id='word_1_101' title='bbox 692 2369 725 2426; x_wconf 90' lang='lat' dir='ltr'><strong>in</strong></span> <span class='ocrx_word' id='word_1_102' title='bbox 747 2371 843 2443; x_wconf 84' lang='lat' dir='ltr'><strong>ipsam</strong></span> <span class='ocrx_word' id='word_1_103' title='bbox 872 2388 1013 2427; x_wconf 81' lang='lat' dir='ltr'><strong>exacuere</strong></span> <span class='ocrx_word' id='word_1_104' title='bbox 1043 2370 1176 2443; x_wconf 83' lang='lat' dir='ltr'><strong>sagittas,</strong></span> <span class='ocrx_word' id='word_1_105' title='bbox 1197 2370 1316 2442; x_wconf 90' lang='lat' dir='ltr'><strong>publica</strong></span> <span class='ocrx_word' id='word_1_106' title='bbox 1344 2369 1484 2426; x_wconf 87' lang='lat' dir='ltr'><strong>videlicet</strong></span> <span class='ocrx_word' id='word_1_107' title='bbox 1512 2374 1653 2442; x_wconf 80' lang='lat' dir='ltr'><strong>potestas,</strong></span> 
     </span>
     <span class='ocr_line' id='line_1_15' title="bbox 600 2453 1655 2528; baseline 0.001 -19"><span class='ocrx_word' id='word_1_108' title='bbox 600 2454 789 2510; x_wconf 86' lang='lat' dir='ltr'><strong>sacerdotalis</strong></span> <span class='ocrx_word' id='word_1_109' title='bbox 807 2454 954 2528; x_wconf 79' lang='lat' dir='ltr'><strong>dignitas3</strong></span> <span class='ocrx_word' id='word_1_110' title='bbox 980 2455 1078 2512; x_wconf 89' lang='lat' dir='ltr'><strong>locum</strong></span> <span class='ocrx_word' id='word_1_111' title='bbox 1095 2460 1157 2510; x_wconf 86' lang='lat' dir='ltr'><strong>tam</strong></span> <span class='ocrx_word' id='word_1_112' title='bbox 1180 2454 1326 2511; x_wconf 92' lang='lat' dir='ltr'><strong>celebrem</strong></span> <span class='ocrx_word' id='word_1_113' title='bbox 1347 2453 1493 2519; x_wconf 85' lang='lat' dir='ltr'><strong>mutilare,</strong></span> <span class='ocrx_word' id='word_1_114' title='bbox 1514 2470 1655 2525; x_wconf 87' lang='lat' dir='ltr'><strong>personas</strong></span> 
     </span>
     <span class='ocr_line' id='line_1_16' title="bbox 600 2537 1655 2611; baseline 0.002 -19"><span class='ocrx_word' id='word_1_115' title='bbox 600 2537 663 2592; x_wconf 92' lang='lat' dir='ltr'><strong>Deo</strong></span> <span class='ocrx_word' id='word_1_116' title='bbox 692 2539 798 2610; x_wconf 90' lang='lat' dir='ltr'><strong>dignas</strong></span> <span class='ocrx_word' id='word_1_117' title='bbox 828 2539 983 2611; x_wconf 89' lang='lat' dir='ltr'><strong>exquisitis</strong></span> <span class='ocrx_word' id='word_1_118' title='bbox 1012 2538 1169 2595; x_wconf 89' lang='lat' dir='ltr'><strong>intendunt</strong></span> <span class='ocrx_word' id='word_1_119' title='bbox 1198 2538 1452 2595; x_wconf 88' lang='lat' dir='ltr'><strong>adinventionibus</strong></span> <span class='ocrx_word' id='word_1_120' title='bbox 1482 2537 1519 2593; x_wconf 92' lang='lat' dir='ltr'><strong>de</strong></span> <span class='ocrx_word' id='word_1_121' title='bbox 1555 2538 1655 2594; x_wconf 87' lang='lat' dir='ltr'><strong>medio</strong></span> 
     </span>
     <span class='ocr_line' id='line_1_17' title="bbox 599 2621 1653 2694; baseline 0 -16"><span class='ocrx_word' id='word_1_122' title='bbox 599 2622 774 2693; x_wconf 88' lang='lat' dir='ltr'><strong>populorum</strong></span> <span class='ocrx_word' id='word_1_123' title='bbox 801 2624 1003 2680; x_wconf 87' lang='lat' dir='ltr'><strong>exterminare.</strong></span> <span class='ocrx_word' id='word_1_124' title='bbox 1040 2622 1066 2678; x_wconf 95' lang='grc' dir='ltr'><strong>Ο</strong></span> <span class='ocrx_word' id='word_1_125' title='bbox 1096 2622 1192 2679; x_wconf 89' lang='lat' dir='ltr'><strong>scelus</strong></span> <span class='ocrx_word' id='word_1_126' title='bbox 1223 2622 1413 2677; x_wconf 87' lang='lat' dir='ltr'><strong>detestabilel</strong></span> <span class='ocrx_word' id='word_1_127' title='bbox 1450 2621 1475 2677; x_wconf 94' lang='lat' dir='ltr'>O</span> <span class='ocrx_word' id='word_1_128' title='bbox 1499 2627 1653 2694; x_wconf 84' lang='lat' dir='ltr'><strong>peccatum</strong></span> 
     </span>
     <span class='ocr_line' id='line_1_18' title="bbox 598 2705 1652 2779; baseline 0 -18"><span class='ocrx_word' id='word_1_129' title='bbox 598 2707 811 2779; x_wconf 87' lang='lat' dir='ltr'><strong>inexoptabile!</strong></span> <span class='ocrx_word' id='word_1_130' title='bbox 866 2708 891 2764; x_wconf 96' lang='grc' dir='ltr'><strong>Ο</strong></span> <span class='ocrx_word' id='word_1_131' title='bbox 916 2706 1247 2766; x_wconf 84' lang='lat' dir='ltr'><strong>criminis.enormitas!</strong></span> <span class='ocrx_word' id='word_1_132' title='bbox 1282 2705 1398 2762; x_wconf 80' lang='lat' dir='ltr'><strong>saeculis</strong></span> <span class='ocrx_word' id='word_1_133' title='bbox 1423 2705 1582 2777; x_wconf 73' lang='lat' dir='ltr'><strong>praeteritis</strong></span> <span class='ocrx_word' id='word_1_134' title='bbox 1607 2705 1652 2761; x_wconf 90' lang='lat' dir='ltr'><strong>in-</strong></span> 
     </span>
     <span class='ocr_line' id='line_1_19' title="bbox 598 2787 1650 2861; baseline 0 -17"><span class='ocrx_word' id='word_1_135' title='bbox 598 2790 714 2846; x_wconf 86' lang='lat' dir='ltr'><strong>audital</strong></span> <span class='ocrx_word' id='word_1_136' title='bbox 772 2791 850 2861; x_wconf 86' lang='lat' dir='ltr'><strong>Quid</strong></span> <span class='ocrx_word' id='word_1_137' title='bbox 878 2791 956 2846; x_wconf 89' lang='lat' dir='ltr'><strong>enim</strong></span> <span class='ocrx_word' id='word_1_138' title='bbox 986 2788 1181 2847; x_wconf 72' lang='lat' dir='ltr'><strong>sceleratius?</strong></span> <span class='ocrx_word' id='word_1_139' title='bbox 1217 2789 1289 2861; x_wconf 91' lang='lat' dir='ltr'><strong>quid</strong></span> <span class='ocrx_word' id='word_1_140' title='bbox 1318 2787 1498 2846; x_wconf 77' lang='lat' dir='ltr'><strong>immanius?</strong></span> <span class='ocrx_word' id='word_1_141' title='bbox 1540 2787 1650 2861; x_wconf 89' lang='lat' dir='ltr'><strong>quidve</strong></span> 
     </span>
     <span class='ocr_line' id='line_1_20' title="bbox 597 2873 1649 2946; baseline 0.001 -19"><span class='ocrx_word' id='word_1_142' title='bbox 597 2873 755 2940; x_wconf 88' lang='lat' dir='ltr'><strong>inimicius,</strong></span> <span class='ocrx_word' id='word_1_143' title='bbox 776 2893 864 2946; x_wconf 88' lang='lat' dir='ltr'><strong>quam</strong></span> <span class='ocrx_word' id='word_1_144' title='bbox 880 2874 913 2930; x_wconf 94' lang='lat' dir='ltr'><strong>in</strong></span> <span class='ocrx_word' id='word_1_145' title='bbox 931 2874 1043 2931; x_wconf 77' lang='lat' dir='ltr'><strong>Christi</strong></span> <span class='ocrx_word' id='word_1_146' title='bbox 1061 2874 1226 2930; x_wconf 88' lang='lat' dir='ltr'><strong>sacerdotes</strong></span> <span class='ocrx_word' id='word_1_147' title='bbox 1237 2875 1400 2945; x_wconf 87' lang='lat' dir='ltr'><strong>insurgere,</strong></span> <span class='ocrx_word' id='word_1_148' title='bbox 1418 2891 1502 2930; x_wconf 88' lang='lat' dir='ltr'><strong>senes</strong></span> <span class='ocrx_word' id='word_1_149' title='bbox 1519 2873 1649 2929; x_wconf 88' lang='lat' dir='ltr'><strong>inermes</strong></span> 
     </span>
     <span class='ocr_line' id='line_1_21' title="bbox 598 2956 1782 3030; baseline 0.003 -19"><span class='ocrx_word' id='word_1_150' title='bbox 598 2963 628 3012; x_wconf 92' lang='lat' dir='ltr'><strong>et</strong></span> <span class='ocrx_word' id='word_1_151' title='bbox 645 2957 809 3030; x_wconf 85' lang='lat' dir='ltr'><strong>decrepitos</strong></span> <span class='ocrx_word' id='word_1_152' title='bbox 827 2957 995 3014; x_wconf 75' lang='lat' dir='ltr'><strong>debellare?</strong></span> <span class='ocrx_word' id='word_1_153' title='bbox 1030 2956 1059 3014; x_wconf 87' lang='lat' dir='ltr'>A</span> <span class='ocrx_word' id='word_1_154' title='bbox 1082 2957 1198 3014; x_wconf 88' lang='lat' dir='ltr'><strong>diabolo</strong></span> <span class='ocrx_word' id='word_1_155' title='bbox 1227 2959 1337 3014; x_wconf 87' lang='lat' dir='ltr'><strong>factum</strong></span> <span class='ocrx_word' id='word_1_156' title='bbox 1364 2965 1411 3014; x_wconf 87' lang='lat' dir='ltr'><strong>est</strong></span> <span class='ocrx_word' id='word_1_157' title='bbox 1436 2957 1525 3023; x_wconf 90' lang='lat' dir='ltr'><strong>istud,</strong></span> <span class='ocrx_word' id='word_1_158' title='bbox 1545 2964 1576 3013; x_wconf 89' lang='lat' dir='ltr'><strong>et</strong></span> <span class='ocrx_word' id='word_1_159' title='bbox 1602 2964 1650 3015; x_wconf 86' lang='lat' dir='ltr'><strong>est</strong></span> <span class='ocrx_word' id='word_1_160' title='bbox 1661 2963 1782 3008; x_wconf 72' lang='grc' dir='ltr'><strong>Ριωὶίὶ</strong></span> 
     </span>
     <span class='ocr_line' id='line_1_22' title="bbox 597 3040 1650 3108; baseline 0.005 -15"><span class='ocrx_word' id='word_1_161' title='bbox 597 3040 737 3095; x_wconf 75' lang='lat' dir='ltr'><strong>mirabile¹</strong></span> <span class='ocrx_word' id='word_1_162' title='bbox 755 3042 787 3096; x_wconf 91' lang='lat' dir='ltr'><strong>in</strong></span> <span class='ocrx_word' id='word_1_163' title='bbox 811 3042 904 3097; x_wconf 90' lang='lat' dir='ltr'><strong>oculis</strong></span> <span class='ocrx_word' id='word_1_164' title='bbox 930 3041 1047 3097; x_wconf 89' lang='lat' dir='ltr'><strong>nostris.</strong></span> <span class='ocrx_word' id='word_1_165' title='bbox 1087 3042 1120 3096; x_wconf 87' lang='lat' dir='ltr'><strong>Si</strong></span> <span class='ocrx_word' id='word_1_166' title='bbox 1147 3043 1258 3097; x_wconf 87' lang='lat' dir='ltr'><strong>fuerint</strong></span> <span class='ocrx_word' id='word_1_167' title='bbox 1280 3043 1343 3096; x_wconf 87' lang='lat' dir='ltr'><strong>haec</strong></span> <span class='ocrx_word' id='word_1_168' title='bbox 1369 3042 1473 3108; x_wconf 91' lang='lat' dir='ltr'><strong>inulta,</strong></span> <span class='ocrx_word' id='word_1_169' title='bbox 1493 3041 1650 3098; x_wconf 74' lang='lat' dir='ltr'><strong>siluerint</strong></span> 
     </span>
     <span class='ocr_line' id='line_1_23' title="bbox 597 3124 1649 3196; baseline 0.002 -18"><span class='ocrx_word' id='word_1_170' title='bbox 597 3124 749 3196; x_wconf 88' lang='lat' dir='ltr'><strong>impunita,</strong></span> <span class='ocrx_word' id='word_1_171' title='bbox 764 3126 911 3181; x_wconf 90' lang='lat' dir='ltr'><strong>credimus</strong></span> <span class='ocrx_word' id='word_1_172' title='bbox 929 3143 993 3181; x_wconf 91' lang='lat' dir='ltr'><strong>esse</strong></span> <span class='ocrx_word' id='word_1_173' title='bbox 1012 3125 1192 3180; x_wconf 75' lang='lat' dir='ltr'><strong>Dominum?</strong></span> <span class='ocrx_word' id='word_1_174' title='bbox 1227 3125 1324 3181; x_wconf 83' lang='lat' dir='ltr'><strong>Absit.</strong></span> <span class='ocrx_word' id='word_1_175' title='bbox 1364 3125 1422 3180; x_wconf 84' lang='lat' dir='ltr'><strong>Sed</strong></span> <span class='ocrx_word' id='word_1_176' title='bbox 1440 3124 1511 3196; x_wconf 91' lang='lat' dir='ltr'><strong>quid</strong></span> <span class='ocrx_word' id='word_1_177' title='bbox 1529 3125 1649 3181; x_wconf 78' lang='lat' dir='ltr'><strong>dicam?</strong></span> 
     </span>
     <span class='ocr_line' id='line_1_24' title="bbox 597 3207 1786 3280; baseline 0.003 -18"><span class='ocrx_word' id='word_1_178' title='bbox 597 3207 681 3263; x_wconf 91' lang='lat' dir='ltr'><strong>Unde</strong></span> <span class='ocrx_word' id='word_1_179' title='bbox 710 3209 857 3265; x_wconf 73' lang='lat' dir='ltr'><strong>verebor?</strong></span> <span class='ocrx_word' id='word_1_180' title='bbox 893 3208 970 3265; x_wconf 90' lang='lat' dir='ltr'><strong>unde</strong></span> <span class='ocrx_word' id='word_1_181' title='bbox 996 3209 1242 3265; x_wconf 73' lang='lat' dir='ltr'><strong>contremiscam?</strong></span> <span class='ocrx_word' id='word_1_182' title='bbox 1297 3209 1329 3264; x_wconf 86' lang='lat' dir='ltr'><strong>Si</strong></span> <span class='ocrx_word' id='word_1_183' title='bbox 1359 3209 1440 3264; x_wconf 91' lang='lat' dir='ltr'><strong>Deus</strong></span> <span class='ocrx_word' id='word_1_184' title='bbox 1469 3227 1523 3280; x_wconf 90' lang='lat' dir='ltr'><strong>pro</strong></span> <span class='ocrx_word' id='word_1_185' title='bbox 1552 3209 1647 3275; x_wconf 93' lang='lat' dir='ltr'><strong>nobis,</strong></span> <span class='ocrx_word' id='word_1_186' title='bbox 1662 3229 1786 3277; x_wconf 39' lang='lat' dir='ltr'><strong>Mum</strong></span> 
     </span>
     <span class='ocr_line' id='line_1_25' title="bbox 598 3293 1651 3365; baseline 0.003 -17"><span class='ocrx_word' id='word_1_187' title='bbox 598 3293 664 3365; x_wconf 89' lang='lat' dir='ltr'><strong>quis</strong></span> <span class='ocrx_word' id='word_1_188' title='bbox 688 3300 789 3351; x_wconf 87' lang='lat' dir='ltr'><strong>contra</strong></span> <span class='ocrx_word' id='word_1_189' title='bbox 809 3294 884 3350; x_wconf 75' lang='lat' dir='ltr'><strong>nos?</strong></span> <span class='ocrx_word' id='word_1_190' title='bbox 919 3293 1025 3350; x_wconf 86' lang='lat' dir='ltr'><strong>Nonne</strong></span> <span class='ocrx_word' id='word_1_191' title='bbox 1049 3293 1127 3349; x_wconf 90' lang='lat' dir='ltr'><strong>siout</strong></span> <span class='ocrx_word' id='word_1_192' title='bbox 1144 3293 1224 3349; x_wconf 88' lang='lat' dir='ltr'><strong>Deus</strong></span> <span class='ocrx_word' id='word_1_193' title='bbox 1243 3293 1385 3350; x_wconf 81' lang='lat' dir='ltr'><strong>Hebraeos</strong></span> <span class='ocrx_word' id='word_1_194' title='bbox 1410 3294 1442 3349; x_wconf 93' lang='lat' dir='ltr'><strong>in</strong></span> <span class='ocrx_word' id='word_1_195' title='bbox 1465 3311 1554 3348; x_wconf 87' lang='lat' dir='ltr'><strong>manu</strong></span> <span class='ocrx_word' id='word_1_196' title='bbox 1579 3293 1651 3351; x_wconf 83' lang='lat' dir='ltr'><strong>forti</strong></span> 
     </span>
     <span class='ocr_line' id='line_1_26' title="bbox 598 3375 1652 3448; baseline 0.005 -19"><span class='ocrx_word' id='word_1_197' title='bbox 598 3381 628 3430; x_wconf 91' lang='lat' dir='ltr'><strong>et</strong></span> <span class='ocrx_word' id='word_1_198' title='bbox 650 3375 770 3433; x_wconf 88' lang='lat' dir='ltr'><strong>brachio</strong></span> <span class='ocrx_word' id='word_1_199' title='bbox 799 3383 924 3441; x_wconf 86' lang='lat' dir='ltr'><strong>extento,</strong></span> <span class='ocrx_word' id='word_1_200' title='bbox 943 3377 1037 3432; x_wconf 91' lang='lat' dir='ltr'><strong>voluit</strong></span> <span class='ocrx_word' id='word_1_201' title='bbox 1055 3376 1230 3432; x_wconf 90' lang='lat' dir='ltr'><strong>mirabiliter</strong></span> <span class='ocrx_word' id='word_1_202' title='bbox 1248 3377 1393 3448; x_wconf 82' lang='lat' dir='ltr'><strong>expedire,</strong></span> <span class='ocrx_word' id='word_1_203' title='bbox 1418 3378 1461 3431; x_wconf 89' lang='lat' dir='ltr'><strong>ita</strong></span> <span class='ocrx_word' id='word_1_204' title='bbox 1489 3383 1520 3432; x_wconf 91' lang='lat' dir='ltr'><strong>et</strong></span> <span class='ocrx_word' id='word_1_205' title='bbox 1548 3394 1601 3433; x_wconf 90' lang='lat' dir='ltr'><strong>nos</strong></span> <span class='ocrx_word' id='word_1_206' title='bbox 1632 3396 1652 3434; x_wconf 87' lang='lat' dir='ltr'><strong>a</strong></span> 
     </span>
     <span class='ocr_line' id='line_1_27' title="bbox 597 3459 1651 3532; baseline 0.006 -21"><span class='ocrx_word' id='word_1_207' title='bbox 597 3459 710 3530; x_wconf 88' lang='lat' dir='ltr'><strong>laqueis</strong></span> <span class='ocrx_word' id='word_1_208' title='bbox 736 3462 905 3517; x_wconf 84' lang='lat' dir='ltr'><strong>venantium</strong></span> <span class='ocrx_word' id='word_1_209' title='bbox 934 3462 1044 3532; x_wconf 90' lang='lat' dir='ltr'><strong>poterit</strong></span> <span class='ocrx_word' id='word_1_210' title='bbox 1072 3461 1222 3515; x_wconf 77' lang='lat' dir='ltr'><strong>liberare?</strong></span> <span class='ocrx_word' id='word_1_211' title='bbox 1260 3460 1292 3515; x_wconf 90' lang='lat' dir='ltr'><strong>Si</strong></span> <span class='ocrx_word' id='word_1_212' title='bbox 1322 3461 1552 3516; x_wconf 88' lang='lat' dir='ltr'><strong>misericorditer</strong></span> <span class='ocrx_word' id='word_1_213' title='bbox 1582 3479 1651 3517; x_wconf 91' lang='lat' dir='ltr'><strong>cum</strong></span> 
     </span>
     <span class='ocr_line' id='line_1_28' title="bbox 597 3543 1650 3616; baseline 0.003 -20"><span class='ocrx_word' id='word_1_214' title='bbox 597 3543 657 3597; x_wconf 90' lang='lat' dir='ltr'><strong>illis</strong></span> <span class='ocrx_word' id='word_1_215' title='bbox 676 3546 773 3615; x_wconf 90' lang='lat' dir='ltr'><strong>egerit</strong></span> <span class='ocrx_word' id='word_1_216' title='bbox 790 3544 989 3616; x_wconf 87' lang='lat' dir='ltr'><strong>Omnipotens,</strong></span> <span class='ocrx_word' id='word_1_217' title='bbox 1012 3562 1106 3600; x_wconf 91' lang='lat' dir='ltr'><strong>nonne</strong></span> <span class='ocrx_word' id='word_1_218' title='bbox 1131 3551 1161 3599; x_wconf 90' lang='lat' dir='ltr'><strong>et</strong></span> <span class='ocrx_word' id='word_1_219' title='bbox 1183 3544 1336 3599; x_wconf 90' lang='lat' dir='ltr'><strong>nobiscum</strong></span> <span class='ocrx_word' id='word_1_220' title='bbox 1360 3546 1500 3599; x_wconf 87' lang='lat' dir='ltr'><strong>hactenus</strong></span> <span class='ocrx_word' id='word_1_221' title='bbox 1525 3544 1650 3600; x_wconf 88' lang='lat' dir='ltr'><strong>mirifico</strong></span> 
     </span>
     <span class='ocr_line' id='line_1_29' title="bbox 598 3628 1652 3699; baseline 0.005 -20"><span class='ocrx_word' id='word_1_222' title='bbox 598 3634 732 3697; x_wconf 87' lang='lat' dir='ltr'><strong>operatus</strong></span> <span class='ocrx_word' id='word_1_223' title='bbox 759 3629 827 3684; x_wconf 76' lang='lat' dir='ltr'><strong>est?</strong></span> <span class='ocrx_word' id='word_1_224' title='bbox 863 3630 947 3699; x_wconf 89' lang='lat' dir='ltr'><strong>Ipsos</strong></span> <span class='ocrx_word' id='word_1_225' title='bbox 975 3628 1113 3699; x_wconf 90' lang='lat' dir='ltr'><strong>equidem</strong></span> <span class='ocrx_word' id='word_1_226' title='bbox 1139 3646 1192 3699; x_wconf 89' lang='lat' dir='ltr'><strong>per</strong></span> <span class='ocrx_word' id='word_1_227' title='bbox 1210 3629 1343 3683; x_wconf 85' lang='lat' dir='ltr'><strong>Rubrum</strong></span> <span class='ocrx_word' id='word_1_228' title='bbox 1374 3629 1465 3684; x_wconf 89' lang='lat' dir='ltr'><strong>semel</strong></span> <span class='ocrx_word' id='word_1_229' title='bbox 1488 3628 1652 3684; x_wconf 70' lang='lat' dir='ltr'><strong>manaverit</strong></span> 
     </span>
     <span class='ocr_line' id='line_1_30' title="bbox 598 3711 1651 3783; baseline 0.002 -19"><span class='ocrx_word' id='word_1_230' title='bbox 598 3727 696 3777; x_wconf 83' lang='lat' dir='ltr'><strong>mare;</strong></span> <span class='ocrx_word' id='word_1_231' title='bbox 723 3712 775 3767; x_wconf 93' lang='lat' dir='ltr'><strong>sed</strong></span> <span class='ocrx_word' id='word_1_232' title='bbox 800 3713 878 3766; x_wconf 89' lang='lat' dir='ltr'><strong>enim</strong></span> <span class='ocrx_word' id='word_1_233' title='bbox 902 3731 955 3767; x_wconf 90' lang='lat' dir='ltr'><strong>nos</strong></span> <span class='ocrx_word' id='word_1_234' title='bbox 980 3718 1010 3767; x_wconf 90' lang='lat' dir='ltr'><strong>et</strong></span> <span class='ocrx_word' id='word_1_235' title='bbox 1036 3713 1157 3768; x_wconf 87' lang='lat' dir='ltr'><strong>nuncios</strong></span> <span class='ocrx_word' id='word_1_236' title='bbox 1176 3719 1290 3768; x_wconf 91' lang='lat' dir='ltr'><strong>nostros</strong></span> <span class='ocrx_word' id='word_1_237' title='bbox 1316 3713 1428 3767; x_wconf 90' lang='lat' dir='ltr'><strong>vicibus</strong></span> <span class='ocrx_word' id='word_1_238' title='bbox 1454 3711 1577 3767; x_wconf 88' lang='lat' dir='ltr'><strong>infinitis</strong></span> <span class='ocrx_word' id='word_1_239' title='bbox 1598 3730 1651 3783; x_wconf 87' lang='lat' dir='ltr'><strong>per</strong></span> 
     </span>
     <span class='ocr_line' id='line_1_31' title="bbox 598 3795 1652 3868; baseline 0.003 -20"><span class='ocrx_word' id='word_1_240' title='bbox 598 3812 687 3859; x_wconf 86' lang='lat' dir='ltr'><strong>mare,</strong></span> <span class='ocrx_word' id='word_1_241' title='bbox 707 3813 760 3866; x_wconf 90' lang='lat' dir='ltr'><strong>pcr</strong></span> <span class='ocrx_word' id='word_1_242' title='bbox 778 3803 881 3860; x_wconf 86' lang='lat' dir='ltr'><strong>terras,</strong></span> <span class='ocrx_word' id='word_1_243' title='bbox 905 3814 958 3866; x_wconf 90' lang='lat' dir='ltr'><strong>per</strong></span> <span class='ocrx_word' id='word_1_244' title='bbox 984 3797 1080 3867; x_wconf 88' lang='lat' dir='ltr'><strong>plana,</strong></span> <span class='ocrx_word' id='word_1_245' title='bbox 1100 3814 1153 3867; x_wconf 89' lang='lat' dir='ltr'><strong>per</strong></span> <span class='ocrx_word' id='word_1_246' title='bbox 1180 3814 1283 3868; x_wconf 81' lang='lat' dir='ltr'><strong>aspera</strong></span> <span class='ocrx_word' id='word_1_247' title='bbox 1309 3797 1418 3866; x_wconf 88' lang='lat' dir='ltr'><strong>absque</strong></span> <span class='ocrx_word' id='word_1_248' title='bbox 1442 3795 1652 3866; x_wconf 86' lang='lat' dir='ltr'><strong>impedimento</strong></span> 
     </span>
     <span class='ocr_line' id='line_1_32' title="bbox 597 3878 1652 3950; baseline 0.002 -18"><span class='ocrx_word' id='word_1_249' title='bbox 597 3878 737 3934; x_wconf 88' lang='lat' dir='ltr'><strong>hactenus</strong></span> <span class='ocrx_word' id='word_1_250' title='bbox 756 3886 934 3934; x_wconf 87' lang='lat' dir='ltr'><strong>transmeare</strong></span> <span class='ocrx_word' id='word_1_251' title='bbox 955 3881 1078 3935; x_wconf 91' lang='lat' dir='ltr'><strong>curavit.</strong></span> <span class='ocrx_word' id='word_1_252' title='bbox 1115 3880 1173 3935; x_wconf 93' lang='lat' dir='ltr'><strong>Ubi</strong></span> <span class='ocrx_word' id='word_1_253' title='bbox 1192 3882 1280 3935; x_wconf 86' lang='lat' dir='ltr'><strong>etiem</strong></span> <span class='ocrx_word' id='word_1_254' title='bbox 1298 3881 1385 3935; x_wconf 88' lang='lat' dir='ltr'><strong>multi</strong></span> <span class='ocrx_word' id='word_1_255' title='bbox 1403 3880 1486 3934; x_wconf 94' lang='lat' dir='ltr'><strong>bonis</strong></span> <span class='ocrx_word' id='word_1_256' title='bbox 1505 3880 1567 3935; x_wconf 89' lang='lat' dir='ltr'><strong>suis</strong></span> <span class='ocrx_word' id='word_1_257' title='bbox 1587 3898 1652 3950; x_wconf 85' lang='lat' dir='ltr'><strong>spo-</strong></span> 
     </span>
     <span class='ocr_line' id='line_1_33' title="bbox 597 3962 1650 4035; baseline 0.002 -20"><span class='ocrx_word' id='word_1_258' title='bbox 597 3962 753 4028; x_wconf 87' lang='lat' dir='ltr'><strong>liabantur,</strong></span> <span class='ocrx_word' id='word_1_259' title='bbox 785 3965 846 4028; x_wconf 91' lang='lat' dir='ltr'><strong>alii,</strong></span> <span class='ocrx_word' id='word_1_260' title='bbox 878 3964 1032 4035; x_wconf 88' lang='lat' dir='ltr'><strong>dignitatis</strong></span> <span class='ocrx_word' id='word_1_261' title='bbox 1063 3969 1114 4018; x_wconf 89' lang='lat' dir='ltr'><strong>aut</strong></span> <span class='ocrx_word' id='word_1_262' title='bbox 1143 3965 1253 4019; x_wconf 91' lang='lat' dir='ltr'><strong>ordinis</strong></span> <span class='ocrx_word' id='word_1_263' title='bbox 1283 3982 1340 4018; x_wconf 90' lang='lat' dir='ltr'><strong>non</strong></span> <span class='ocrx_word' id='word_1_264' title='bbox 1373 3963 1474 4018; x_wconf 88' lang='lat' dir='ltr'><strong>habito</strong></span> <span class='ocrx_word' id='word_1_265' title='bbox 1503 3970 1650 4034; x_wconf 88' lang='lat' dir='ltr'><strong>respectu,</strong></span> 
     </span>
     <span class='ocr_line' id='line_1_34' title="bbox 597 4047 1651 4118; baseline 0.003 -18"><span class='ocrx_word' id='word_1_266' title='bbox 597 4047 715 4102; x_wconf 90' lang='lat' dir='ltr'><strong>vincula</strong></span> <span class='ocrx_word' id='word_1_267' title='bbox 738 4048 875 4103; x_wconf 85' lang='lat' dir='ltr'><strong>subibant</strong></span> <span class='ocrx_word' id='word_1_268' title='bbox 898 4055 928 4103; x_wconf 88' lang='lat' dir='ltr'><strong>et</strong></span> <span class='ocrx_word' id='word_1_269' title='bbox 954 4065 1096 4112; x_wconf 87' lang='lat' dir='ltr'><strong>carceres,</strong></span> <span class='ocrx_word' id='word_1_270' title='bbox 1117 4048 1237 4118; x_wconf 90' lang='lat' dir='ltr'><strong>quidam</strong></span> <span class='ocrx_word' id='word_1_271' title='bbox 1266 4048 1297 4102; x_wconf 92' lang='lat' dir='ltr'><strong>iu</strong></span> <span class='ocrx_word' id='word_1_272' title='bbox 1323 4048 1450 4103; x_wconf 87' lang='lat' dir='ltr'><strong>tenebris</strong></span> <span class='ocrx_word' id='word_1_273' title='bbox 1479 4047 1651 4103; x_wconf 86' lang='lat' dir='ltr'><strong>dehonesta-</strong></span> 
     </span>
     <span class='ocr_line' id='line_1_35' title="bbox 598 4130 1649 4197; baseline 0.002 -14"><span class='ocrx_word' id='word_1_274' title='bbox 598 4130 720 4197; x_wconf 82' lang='lat' dir='ltr'><strong>bantur3</strong></span> <span class='ocrx_word' id='word_1_275' title='bbox 754 4138 784 4187; x_wconf 91' lang='lat' dir='ltr'><strong>et</strong></span> <span class='ocrx_word' id='word_1_276' title='bbox 807 4150 860 4186; x_wconf 90' lang='lat' dir='ltr'><strong>nos</strong></span> <span class='ocrx_word' id='word_1_277' title='bbox 886 4133 1032 4187; x_wconf 87' lang='lat' dir='ltr'><strong>evasimus</strong></span> <span class='ocrx_word' id='word_1_278' title='bbox 1059 4150 1163 4186; x_wconf 90' lang='lat' dir='ltr'><strong>manus</strong></span> <span class='ocrx_word' id='word_1_279' title='bbox 1189 4151 1290 4186; x_wconf 87' lang='lat' dir='ltr'><strong>corum</strong></span> <span class='ocrx_word' id='word_1_280' title='bbox 1315 4132 1346 4187; x_wconf 92' lang='lat' dir='ltr'><strong>in</strong></span> <span class='ocrx_word' id='word_1_281' title='bbox 1373 4133 1490 4186; x_wconf 91' lang='lat' dir='ltr'><strong>nomine</strong></span> <span class='ocrx_word' id='word_1_282' title='bbox 1521 4131 1649 4186; x_wconf 91' lang='lat' dir='ltr'><strong>Domini.</strong></span> 
     </span>
     <span class='ocr_line' id='line_1_36' title="bbox 598 4214 1651 4287; baseline 0.002 -19"><span class='ocrx_word' id='word_1_283' title='bbox 598 4214 637 4268; x_wconf 83' lang='lat' dir='ltr'><strong>Et</strong></span> <span class='ocrx_word' id='word_1_284' title='bbox 660 4222 695 4269; x_wconf 93' lang='lat' dir='ltr'><strong>ut</strong></span> <span class='ocrx_word' id='word_1_285' title='bbox 718 4222 824 4269; x_wconf 67' lang='lat' dir='ltr'><strong>caemra</strong></span> <span class='ocrx_word' id='word_1_286' title='bbox 849 4217 1017 4271; x_wconf 85' lang='lat' dir='ltr'><strong>omittamus</strong></span> <span class='ocrx_word' id='word_1_287' title='bbox 1045 4216 1083 4270; x_wconf 89' lang='lat' dir='ltr'><strong>ad</strong></span> <span class='ocrx_word' id='word_1_288' title='bbox 1112 4233 1251 4287; x_wconf 70' lang='lat' dir='ltr'><strong>praesens,</strong></span> <span class='ocrx_word' id='word_1_289' title='bbox 1271 4217 1301 4270; x_wconf 93' lang='lat' dir='ltr'><strong>in</strong></span> <span class='ocrx_word' id='word_1_290' title='bbox 1327 4217 1421 4271; x_wconf 91' lang='lat' dir='ltr'><strong>nostri</strong></span> <span class='ocrx_word' id='word_1_291' title='bbox 1447 4217 1651 4287; x_wconf 88' lang='lat' dir='ltr'><strong>prosecutione</strong></span> 
     </span>
     <span class='ocr_line' id='line_1_37' title="bbox 599 4298 1652 4369; baseline 0.004 -19"><span class='ocrx_word' id='word_1_292' title='bbox 599 4298 718 4369; x_wconf 87' lang='lat' dir='ltr'><strong>nogotii,</strong></span> <span class='ocrx_word' id='word_1_293' title='bbox 739 4299 780 4353; x_wconf 88' lang='lat' dir='ltr'><strong>ita</strong></span> <span class='ocrx_word' id='word_1_294' title='bbox 800 4299 889 4354; x_wconf 89' lang='lat' dir='ltr'><strong>Suam</strong></span> <span class='ocrx_word' id='word_1_295' title='bbox 906 4300 1046 4355; x_wconf 88' lang='lat' dir='ltr'><strong>hactenus</strong></span> <span class='ocrx_word' id='word_1_296' title='bbox 1065 4299 1097 4353; x_wconf 92' lang='lat' dir='ltr'><strong>in</strong></span> <span class='ocrx_word' id='word_1_297' title='bbox 1116 4305 1223 4355; x_wconf 85' lang='lat' dir='ltr'><strong>nostres</strong></span> <span class='ocrx_word' id='word_1_298' title='bbox 1248 4318 1343 4355; x_wconf 74' lang='lat' dir='ltr'><strong>causae</strong></span> <span class='ocrx_word' id='word_1_299' title='bbox 1361 4300 1485 4355; x_wconf 86' lang='lat' dir='ltr'><strong>tuitione</strong></span> <span class='ocrx_word' id='word_1_300' title='bbox 1503 4301 1586 4354; x_wconf 91' lang='lat' dir='ltr'><strong>visus</strong></span> <span class='ocrx_word' id='word_1_301' title='bbox 1606 4306 1652 4354; x_wconf 89' lang='lat' dir='ltr'><strong>est</strong></span> 
     </span>
     <span class='ocr_line' id='line_1_38' title="bbox 599 4382 1650 4455; baseline 0.004 -20"><span class='ocrx_word' id='word_1_302' title='bbox 599 4382 629 4435; x_wconf 92' lang='lat' dir='ltr'><strong>in</strong></span> <span class='ocrx_word' id='word_1_303' title='bbox 647 4382 780 4437; x_wconf 91' lang='lat' dir='ltr'><strong>omnibus</strong></span> <span class='ocrx_word' id='word_1_304' title='bbox 799 4382 963 4438; x_wconf 86' lang='lat' dir='ltr'><strong>exercuisse</strong></span> <span class='ocrx_word' id='word_1_305' title='bbox 987 4389 1165 4454; x_wconf 88' lang='lat' dir='ltr'><strong>potestatem</strong></span> <span class='ocrx_word' id='word_1_306' title='bbox 1189 4383 1388 4455; x_wconf 88' lang='lat' dir='ltr'><strong>Omnipotens,</strong></span> <span class='ocrx_word' id='word_1_307' title='bbox 1411 4389 1549 4453; x_wconf 85' lang='lat' dir='ltr'><strong>tanquam</strong></span> <span class='ocrx_word' id='word_1_308' title='bbox 1572 4383 1650 4439; x_wconf 88' lang='lat' dir='ltr'><strong>dice·</strong></span> 
     </span>
     <span class='ocr_line' id='line_1_39' title="bbox 598 4467 1648 4539; baseline 0.002 -20"><span class='ocrx_word' id='word_1_309' title='bbox 598 4473 689 4531; x_wconf 89' lang='lat' dir='ltr'><strong>rctur‚</strong></span> <span class='ocrx_word' id='word_1_310' title='bbox 712 4470 730 4493; x_wconf 91' lang='lat'><strong>“</strong></span> <span class='ocrx_word' id='word_1_311' title='bbox 745 4467 894 4522; x_wconf 91' lang='lat' dir='ltr'><strong>Indurabo</strong></span> <span class='ocrx_word' id='word_1_312' title='bbox 912 4485 963 4523; x_wconf 89' lang='lat' dir='ltr'><strong>cor</strong></span> <span class='ocrx_word' id='word_1_313' title='bbox 981 4468 1152 4532; x_wconf 87' lang='lat' dir='ltr'><strong>Pharaonis,</strong></span> <span class='ocrx_word' id='word_1_314' title='bbox 1167 4473 1197 4522; x_wconf 91' lang='lat' dir='ltr'><strong>et</strong></span> <span class='ocrx_word' id='word_1_315' title='bbox 1215 4484 1316 4522; x_wconf 89' lang='lat' dir='ltr'><strong>eruam</strong></span> <span class='ocrx_word' id='word_1_316' title='bbox 1334 4468 1476 4539; x_wconf 89' lang='lat' dir='ltr'><strong>populum</strong></span> <span class='ocrx_word' id='word_1_317' title='bbox 1493 4484 1594 4523; x_wconf 91' lang='lat' dir='ltr'><strong>meum</strong></span> <span class='ocrx_word' id='word_1_318' title='bbox 1612 4467 1648 4522; x_wconf 92' lang='lat' dir='ltr'><strong>de</strong></span> 
     </span>
     <span class='ocr_line' id='line_1_40' title="bbox 600 4551 1648 4623; baseline 0.002 -18"><span class='ocrx_word' id='word_1_319' title='bbox 600 4553 619 4577; x_wconf 85' lang='lat'><strong>‘¹</strong></span> <span class='ocrx_word' id='word_1_320' title='bbox 632 4551 766 4606; x_wconf 90' lang='lat' dir='ltr'><strong>manibus</strong></span> <span class='ocrx_word' id='word_1_321' title='bbox 779 4551 843 4623; x_wconf 88' lang='lat' dir='ltr'><strong>ejus</strong></span> <span class='ocrx_word' id='word_1_322' title='bbox 856 4553 887 4607; x_wconf 91' lang='lat' dir='ltr'><strong>in</strong></span> <span class='ocrx_word' id='word_1_323' title='bbox 898 4570 986 4606; x_wconf 89' lang='lat' dir='ltr'><strong>manu</strong></span> <span class='ocrx_word' id='word_1_324' title='bbox 1004 4552 1106 4606; x_wconf 80' lang='lat' dir='ltr'><strong>sorti.&#39;’</strong></span> <span class='ocrx_word' id='word_1_325' title='bbox 1144 4552 1231 4606; x_wconf 79' lang='lat' dir='ltr'><strong>Certe</strong></span> <span class='ocrx_word' id='word_1_326' title='bbox 1250 4570 1316 4607; x_wconf 89' lang='lat' dir='ltr'><strong>oum</strong></span> <span class='ocrx_word' id='word_1_327' title='bbox 1334 4569 1408 4622; x_wconf 91' lang='lat' dir='ltr'><strong>pane</strong></span> <span class='ocrx_word' id='word_1_328' title='bbox 1426 4558 1526 4607; x_wconf 90' lang='lat' dir='ltr'><strong>nostro</strong></span> <span class='ocrx_word' id='word_1_329' title='bbox 1544 4553 1648 4607; x_wconf 91' lang='lat' dir='ltr'><strong>multis</strong></span> 
     </span>
     <span class='ocr_line' id='line_1_41' title="bbox 597 4634 1647 4706; baseline 0.003 -19"><span class='ocrx_word' id='word_1_330' title='bbox 597 4634 701 4690; x_wconf 91' lang='lat' dir='ltr'><strong>diebus</strong></span> <span class='ocrx_word' id='word_1_331' title='bbox 719 4636 750 4690; x_wconf 92' lang='lat' dir='ltr'><strong>in</strong></span> <span class='ocrx_word' id='word_1_332' title='bbox 774 4636 873 4691; x_wconf 90' lang='lat' dir='ltr'><strong>dolore</strong></span> <span class='ocrx_word' id='word_1_333' title='bbox 901 4643 931 4690; x_wconf 88' lang='lat' dir='ltr'><strong>et</strong></span> <span class='ocrx_word' id='word_1_334' title='bbox 955 4636 1149 4690; x_wconf 88' lang='lat' dir='ltr'><strong>amaritudine</strong></span> <span class='ocrx_word' id='word_1_335' title='bbox 1174 4652 1369 4701; x_wconf 87' lang='lat' dir='ltr'><strong>vesceremur,</strong></span> <span class='ocrx_word' id='word_1_336' title='bbox 1389 4652 1516 4706; x_wconf 87' lang='lat' dir='ltr'><strong>cumque</strong></span> <span class='ocrx_word' id='word_1_337' title='bbox 1540 4636 1647 4691; x_wconf 87' lang='lat' dir='ltr'><strong>chorus</strong></span> 
     </span>
     <span class='ocr_line' id='line_1_42' title="bbox 598 4720 1778 4790; baseline -0.002 -16"><span class='ocrx_word' id='word_1_338' title='bbox 598 4726 697 4775; x_wconf 88' lang='lat' dir='ltr'><strong>noster</strong></span> <span class='ocrx_word' id='word_1_339' title='bbox 714 4737 795 4774; x_wconf 89' lang='lat' dir='ltr'><strong>more</strong></span> <span class='ocrx_word' id='word_1_340' title='bbox 814 4720 996 4790; x_wconf 89' lang='lat' dir='ltr'><strong>desperantis</strong></span> <span class='ocrx_word' id='word_1_341' title='bbox 1023 4721 1169 4775; x_wconf 86' lang='lat' dir='ltr'><strong>canticum</strong></span> <span class='ocrx_word' id='word_1_342' title='bbox 1195 4720 1389 4775; x_wconf 88' lang='lat' dir='ltr'><strong>convertisset</strong></span> <span class='ocrx_word' id='word_1_343' title='bbox 1414 4720 1446 4774; x_wconf 91' lang='lat' dir='ltr'><strong>in</strong></span> <span class='ocrx_word' id='word_1_344' title='bbox 1468 4720 1591 4784; x_wconf 72' lang='lat' dir='ltr'><strong>luctum</strong></span> <span class='ocrx_word' id='word_1_345' title='bbox 1618 4726 1778 4780; x_wconf 73' lang='lat' dir='ltr'><strong>etlsmmc</strong></span> 
     </span>
     <span class='ocr_line' id='line_1_43' title="bbox 462 4803 1650 4875; baseline 0.009 -28"><span class='ocrx_word' id='word_1_346' title='bbox 462 4805 561 4856; x_wconf 62' lang='lat' dir='ltr'><strong>rosis.</strong></span> <span class='ocrx_word' id='word_1_347' title='bbox 596 4805 659 4875; x_wconf 85' lang='lat' dir='ltr'><strong>jam</strong></span> <span class='ocrx_word' id='word_1_348' title='bbox 688 4822 749 4875; x_wconf 81' lang='lat' dir='ltr'><strong>prae</strong></span> <span class='ocrx_word' id='word_1_349' title='bbox 779 4803 888 4858; x_wconf 88' lang='lat' dir='ltr'><strong>doloris</strong></span> <span class='ocrx_word' id='word_1_350' title='bbox 918 4804 1055 4874; x_wconf 84' lang='lat' dir='ltr'><strong>angustia</strong></span> <span class='ocrx_word' id='word_1_351' title='bbox 1087 4805 1200 4859; x_wconf 87' lang='lat' dir='ltr'><strong>cithara</strong></span> <span class='ocrx_word' id='word_1_352' title='bbox 1234 4811 1335 4859; x_wconf 86' lang='lat' dir='ltr'><strong>nostra</strong></span> <span class='ocrx_word' id='word_1_353' title='bbox 1364 4821 1417 4860; x_wconf 86' lang='lat' dir='ltr'><strong>sua</strong></span> <span class='ocrx_word' id='word_1_354' title='bbox 1446 4804 1650 4875; x_wconf 83' lang='lat' dir='ltr'><strong>suspendisset</strong></span> 
     </span>
     <span class='ocr_line' id='line_1_44' title="bbox 602 4887 1778 4960; baseline -0.002 -17"><span class='ocrx_word' id='word_1_355' title='bbox 602 4906 720 4958; x_wconf 87' lang='lat' dir='ltr'><strong>organa,</strong></span> <span class='ocrx_word' id='word_1_356' title='bbox 741 4887 838 4942; x_wconf 91' lang='lat' dir='ltr'><strong>subito</strong></span> <span class='ocrx_word' id='word_1_357' title='bbox 856 4888 1044 4956; x_wconf 85' lang='lat' dir='ltr'><strong>refrigeravit</strong></span> <span class='ocrx_word' id='word_1_358' title='bbox 1062 4906 1114 4943; x_wconf 91' lang='lat' dir='ltr'><strong>nos</strong></span> <span class='ocrx_word' id='word_1_359' title='bbox 1133 4888 1232 4943; x_wconf 87' lang='lat' dir='ltr'><strong>divina</strong></span> <span class='ocrx_word' id='word_1_360' title='bbox 1250 4889 1412 4953; x_wconf 88' lang='lat' dir='ltr'><strong>clementia,</strong></span> <span class='ocrx_word' id='word_1_361' title='bbox 1433 4895 1463 4942; x_wconf 86' lang='lat' dir='ltr'><strong>et</strong></span> <span class='ocrx_word' id='word_1_362' title='bbox 1481 4906 1547 4958; x_wconf 82' lang='lat' dir='ltr'><strong>quae</strong></span> <span class='ocrx_word' id='word_1_363' title='bbox 1564 4888 1647 4960; x_wconf 83' lang='lat' dir='ltr'><strong>prius</strong></span> <span class='ocrx_word' id='word_1_364' title='bbox 1660 4894 1778 4948; x_wconf 73' lang='lat' dir='ltr'><strong>lniahxrit</strong></span> 
     </span>
     <span class='ocr_line' id='line_1_45' title="bbox 602 4952 1690 5043; baseline 0.002 -16"><span class='ocrx_word' id='word_1_365' title='bbox 602 4980 665 5027; x_wconf 89' lang='lat' dir='ltr'><strong>erat</strong></span> <span class='ocrx_word' id='word_1_366' title='bbox 682 4973 817 5027; x_wconf 89' lang='lat' dir='ltr'><strong>labrusca</strong></span> <span class='ocrx_word' id='word_1_367' title='bbox 834 4972 866 5025; x_wconf 91' lang='lat' dir='ltr'><strong>in</strong></span> <span class='ocrx_word' id='word_1_368' title='bbox 882 4971 999 5025; x_wconf 91' lang='lat' dir='ltr'><strong>vineam</strong></span> <span class='ocrx_word' id='word_1_369' title='bbox 1011 4952 1133 5027; x_wconf 80' lang='lat' dir='ltr'><strong>&#39;Sorech</strong></span> <span class='ocrx_word' id='word_1_370' title='bbox 1152 4978 1197 5028; x_wconf 88' lang='lat' dir='ltr'><strong>est</strong></span> <span class='ocrx_word' id='word_1_371' title='bbox 1214 4973 1344 5036; x_wconf 85' lang='lat' dir='ltr'><strong>alterata,</strong></span> <span class='ocrx_word' id='word_1_372' title='bbox 1365 4979 1395 5028; x_wconf 92' lang='lat' dir='ltr'><strong>et</strong></span> <span class='ocrx_word' id='word_1_373' title='bbox 1413 4973 1464 5043; x_wconf 92' lang='lat' dir='ltr'><strong>qui</strong></span> <span class='ocrx_word' id='word_1_374' title='bbox 1482 4972 1566 5028; x_wconf 91' lang='lat' dir='ltr'><strong>nobis</strong></span> <span class='ocrx_word' id='word_1_375' title='bbox 1585 4979 1649 5029; x_wconf 87' lang='lat' dir='ltr'><strong>erat</strong></span> <span class='ocrx_word' id='word_1_376' title='bbox 1659 4960 1690 5000; x_wconf 87' lang='lat'><strong>11.</strong></span> 
     </span>
     <span class='ocr_line' id='line_1_46' title="bbox 602 5055 1645 5126; baseline 0.003 -16"><span class='ocrx_word' id='word_1_377' title='bbox 602 5062 688 5126; x_wconf 89' lang='lat' dir='ltr'><strong>potus</strong></span> <span class='ocrx_word' id='word_1_378' title='bbox 715 5055 917 5111; x_wconf 85' lang='lat' dir='ltr'><strong>amaritudinis</strong></span> <span class='ocrx_word' id='word_1_379' title='bbox 946 5071 1105 5111; x_wconf 89' lang='lat' dir='ltr'><strong>conversus</strong></span> <span class='ocrx_word' id='word_1_380' title='bbox 1135 5061 1181 5111; x_wconf 91' lang='lat' dir='ltr'><strong>est</strong></span> <span class='ocrx_word' id='word_1_381' title='bbox 1210 5057 1241 5110; x_wconf 92' lang='lat' dir='ltr'><strong>in</strong></span> <span class='ocrx_word' id='word_1_382' title='bbox 1269 5056 1442 5113; x_wconf 69' lang='lat' dir='ltr'><strong>assumtam</strong></span> <span class='ocrx_word' id='word_1_383' title='bbox 1473 5055 1645 5113; x_wconf 85' lang='lat' dir='ltr'><strong>dulcedinis.</strong></span> 
     </span>
     <span class='ocr_line' id='line_1_47' title="bbox 603 5138 1652 5212; baseline 0 -19"><span class='ocrx_word' id='word_1_384' title='bbox 603 5139 746 5196; x_wconf 87' lang='lat' dir='ltr'><strong>Dominus</strong></span> <span class='ocrx_word' id='word_1_385' title='bbox 762 5155 889 5210; x_wconf 88' lang='lat' dir='ltr'><strong>namque</strong></span> <span class='ocrx_word' id='word_1_386' title='bbox 909 5156 985 5211; x_wconf 83' lang='lat' dir='ltr'><strong>papa</strong></span> <span class='ocrx_word' id='word_1_387' title='bbox 1007 5157 1061 5196; x_wconf 88' lang='lat' dir='ltr'><strong>nos</strong></span> <span class='ocrx_word' id='word_1_388' title='bbox 1085 5142 1170 5197; x_wconf 89' lang='lat' dir='ltr'><strong>oculo</strong></span> <span class='ocrx_word' id='word_1_389' title='bbox 1192 5140 1364 5212; x_wconf 87' lang='lat' dir='ltr'><strong>benigniore</strong></span> <span class='ocrx_word' id='word_1_390' title='bbox 1381 5138 1520 5208; x_wconf 88' lang='lat' dir='ltr'><strong>intuetur,</strong></span> <span class='ocrx_word' id='word_1_391' title='bbox 1540 5141 1652 5199; x_wconf 86' lang='lat' dir='ltr'><strong>nostris·</strong></span> 
     </span>
    </p>
   </div>
   <div class='ocr_carea' id='block_1_3' title="bbox 0 0 2100 6392">
    <p class='ocr_par' dir='ltr' id='par_1_3' title="bbox 0 0 2100 6392">
     <span class='ocr_line' id='line_1_48' title="bbox 0 0 2100 6392; baseline 0 0"><span class='ocrx_word' id='word_1_392' title='bbox 0 0 2100 6392; x_wconf 95' lang='lat' dir='ltr'><strong> </strong></span> 
     </span>
    </p>
   </div>
  </div>
 </body>
</html>
