4192 6392
555 1152 620 1217 208
835 1162 1008 1214 erraneam
1031 1161 1333 1228 esurnuaievsns,

406 1344 530 1392 anina
555 1341 636 1398 istud
665 1339 876 1412 prosequitur3
902 1356 920 1393 a
950 1355 1002 1410 spe
1033 1356 1122 1410 quam
1152 1339 1189 1394 de
1219 1340 1302 1395 curia
1334 1341 1520 1414 concepimus
1552 1342 1618 1399 fere

411 1399 518 1501 Assssfi„
554 1427 672 1499 penitus
690 1424 862 1480 excidimus.
901 1422 1006 1477 Dedie
1024 1423 1103 1478 enim
1121 1423 1152 1479 in
1170 1423 1248 1479 diem
1261 1424 1297 1480 ab
1309 1424 1486 1481 adversariis
1504 1428 1617 1483 noemia

385 1510 534 1607 Ὶῖδοουνιὶΐ
554 1511 650 1582 magis
680 1509 839 1580 affligimur
869 1514 900 1562 et
934 1507 1138 1578 opprimimur,
1170 1515 1201 1563 et
1235 1526 1254 1563 a
1284 1509 1391 1580 quibus
1424 1510 1617 1582 sperabamus

385 1566 527 1657 main·
554 1595 671 1659 redimi,
691 1592 826 1648 videmur
853 1592 884 1645 in
911 1591 1100 1647 mendicitate
1128 1593 1303 1664 derelinqui.
1349 1593 1565 1650 Verumtamen
1588 1599 1617 1653 si

386 1675 475 1768 Ἐξ
551 1679 697 1750 judicium
722 1681 854 1731 nostrum
882 1676 1066 1746 aliquatenus
1093 1693 1147 1747 pro
1173 1677 1298 1748 pecunia
1324 1678 1477 1733 terminari
1503 1681 1617 1751 poterit

554 1764 601 1818 vel
631 1761 780 1834 protelari,
813 1778 901 1814 eausa
918 1766 1018 1814 nostra
1035 1759 1084 1814 vel
1109 1760 1141 1814 in
1165 1761 1364 1816 confusionem
1394 1767 1525 1817 nostram
1554 1764 1615 1819 cito

386 1849 510 1910 'thwet-
553 1845 768 1907 terminabitur,
800 1844 847 1898 vel
877 1843 908 1897 in
938 1842 1087 1899 infinitum
1113 1844 1317 1915 protelabitur.
1365 1844 1508 1901 Dominus
1533 1847 1615 1903 enim

385 1900 525 2000 iiiffl'sffi
553 1928 790 2001 archiepiscopus
816 1945 851 1981 ex
877 1926 1044 1982 hominibus
1071 1927 1133 1982 auis
1165 1933 1195 1983 et
1225 1929 1333 1983 nostris
1359 1946 1453 2000 usque
1483 1929 1522 1985 ad
1546 1936 1615 1987 octo

386 2001 508 2097 ffffiffi
553 2014 648 2068 millia
674 2029 839 2067 marearum
867 2011 903 2065 de
930 2010 1045 2066 decima
1069 2011 1190 2083 recepit,
1218 2029 1271 2067 nos
1298 2030 1369 2067 vero
1400 2013 1442 2068 ita
1468 2017 1614 2072 attenuati

385 2102 533 2164 tnemnvsnt
554 2114 664 2160 sumus,
696 2095 775 2166 quod
805 2095 831 2148 si
860 2094 949 2149 hodie
980 2112 1081 2149 omnes
1117 2096 1317 2167 possessiones
1353 2096 1539 2162 haberemus,
1571 2099 1615 2156 ita

386 2153 540 2205 'mmmm'
552 2181 709 2237 destruetoe
728 2185 757 2233 et
774 2179 923 2234 destituta>
942 2185 1020 2243 sunt,
1041 2178 1120 2250 quod
1138 2197 1199 2247 ¹neo
1224 2179 1263 2235 ad
1287 2180 1400 2236 vietum
1424 2180 1510 2238 nobis
1534 2183 1614 2240 inira

552 2265 701 2337 prolixum
718 2263 859 2335 temperis
878 2263 1008 2334 spatium
1027 2263 1203 2320 sufficerent.
1251 2263 1311 2320 Sed
1328 2265 1391 2320 sive
1418 2267 1502 2323 curia
1526 2268 1613 2324 nobis

552 2349 716 2420 injustitia
731 2355 840 2410 nostra,
862 2346 940 2418 quod
957 2347 1120 2419 plurimum
1138 2349 1287 2414 timemus,
1302 2348 1426 2414 deficiat,
1447 2350 1510 2407 sive
1528 2360 1611 2408 man*-

552 2434 628 2488 datis
646 2431 755 2487 domini
783 2449 865 2503 papae
892 2431 1054 2487 adversarii
1082 2432 1153 2488 facti
1180 2432 1378 2489 inobedientes
1404 2440 1506 2491 neena
1528 2436 1613 2493 nobis

552 2535 609 2573 non
626 2517 793 2579 restituant,
809 2515 873 2586 juri
890 2523 991 2571 nostro
1007 2516 1181 2572 renunciare
1199 2535 1257 2572 non
1269 2517 1463 2574 decrevimus.
1503 2518 1612 2578 Omnes

548 2603 612 2672 jam
629 2601 708 2656 enim
725 2607 756 2656 et
779 2599 911 2670 singulos
938 2598 975 2654 ad
1000 2599 1167 2656 futurorum
1194 2601 1365 2673 patientiam
1395 2603 1612 2673 praeteritorum

551 2685 714 2741 recordatio
732 2684 890 2739 roboravit.
927 2682 1075 2739 Caeterum
1094 2684 1120 2739 si
1138 2702 1278 2740 numerus
1297 2685 1421 2741 fratrum
1440 2702 1542 2742 eorum
1560 2689 1613 2760 qui

412 2774 520 2823 rocem
552 2769 704 2826 vobiscum
729 2776 806 2833 sunt,
827 2768 864 2823 ad
882 2767 937 2823 hoe
964 2785 1022 2822 non
1047 2765 1164 2834 suffieit,
1184 2775 1219 2823 ut
1244 2768 1281 2823 de
1306 2769 1344 2824 iis
1363 2786 1428 2840 qum
1453 2769 1531 2842 apud
1558 2789 1612 2828 nos

384 2868 495 2963 Ques
553 2855 630 2911 faeta
647 2859 725 2917 sunt,
745 2859 776 2907 et
792 2851 888 2906 adhue
906 2851 1132 2923 quotidianum,
1153 2853 1243 2906 eurise
1255 2851 1394 2908 Romania
1408 2859 1542 2909 constare
1554 2873 1612 2911 uon

441 2925 490 2972 5²⁰
553 2939 654 3011 possit.
674 2955 727 3008 per
745 2937 860 2992 litteras
879 2935 1005 2989 celerius
1025 2935 1194 3007 significare
1213 2937 1333 3000 curetis,
1353 2944 1387 2993 ut
1411 2937 1494 2993 vobis
1512 2940 1611 2995 mitta·

385 2971 443 3013 send
451 2983 514 3014 mure

384 3022 529 3116 ffthffnho
553 3041 619 3077 miss
638 3026 783 3093 quotquot
799 3020 914 3075 habetis
932 3020 1124 3075 necessarios.
1163 3019 1220 3088 Qui
1239 3021 1316 3074 enim
1334 3023 1500 3078 necessaria
1517 3023 1611 3080 victui

388 3084 508 3174 affigi
555 3107 585 3160 in
611 3106 706 3177 putria
730 3111 830 3160 nostra
853 3103 1064 3165 mendicamus,
1091 3104 1123 3158 in
1148 3104 1244 3159 aliena
1269 3105 1419 3176 provincia
1443 3107 1610 3164 mendicare

386 3184 478 3271 ffifi·
553 3208 611 3244 non
645 3189 860 3252 erubescemus,
887 3187 957 3259 quia
986 3187 1108 3257 gravius
1143 3188 1264 3250 exultat,
1296 3189 1348 3260 qui
1378 3189 1458 3245 domi
1487 3192 1608 3248 exultat.

555 3274 684 3345 Spiritus
704 3272 803 3327 Sancti
830 3272 927 3343 gratia
943 3270 1028 3326 vobis
1056 3271 1187 3327 conferat
1211 3270 1400 3342 adjutorium,
1420 3280 1451 3329 et
1476 3274 1611 3331 ecclesiia

410 3636 496 3728 Am,
620 3610 801 3668 CCXXVH.
841 3609 990 3664 Occursu
1010 3623 1087 3662 rare
1109 3608 1277 3664 enarrans
1297 3611 1537 3669 cinianum-sis.

431 3688 517 3737 pulsa

387 3773 541 3817 rhemnvrnt
590 3753 683 3822 Quium
701 3768 797 3806 ranem
816 3752 900 3805 suctu
913 3766 982 3805 sunt
995 3751 1093 3806 fauces
1112 3757 1220 3807 nostrie
1238 3752 1414 3810 clamoribus
1428 3760 1458 3811 et
1469 3757 1608 3826 querelis,

385 3827 531 3927 {gflssslaiffl
555 3856 626 3910 quas
645 3855 705 3908 prm
724 3835 913 3890 multitudine
937 3840 967 3889 et
992 3835 1173 3890 immanitate
1199 3837 1342 3892 malorum
1369 3845 1535 3895 nostrorum
1554 3860 1609 3897 non

385 3926 531 3978 tollamne.
554 3923 654 3984 semel,
674 3920 764 3974 immo
783 3919 899 3990 smpius,
929 3919 958 3973 in
976 3937 1047 3973 aure
1075 3921 1182 3975 sumini
1208 3922 1354 3992 pontificis
1380 3923 1608 3994 deploravimus,

553 4008 753 4061 obmutescere
773 4011 801 4058 et
827 4021 844 4057 a
869 4003 953 4057 bonis
980 4004 1068 4058 silere
1096 4006 1309 4076 compellimur,
1330 4014 1393 4061 tum
1419 4009 1489 4078 quia
1513 4011 1611 4066 zelum
1622 4020 1747 4068 Pennus.
1794 4038 1798 4067 e

553 4089 724 4144 obedientiis
743 4093 773 4142 et
791 4087 920 4142 caritatis
939 4087 1112 4142 victualium
1131 4090 1259 4159 castigat
1275 4091 1382 4162 inopia,
1402 4098 1466 4146 tum
1491 4094 1562 4164 quia
1580 4095 1610 4150 in

552 4192 641 4228 carisa
659 4173 749 4227 solius
769 4171 987 4226 Cautuariensis
1006 4172 1138 4226 ecclesius
1157 4173 1275 4228 videtur
1296 4175 1422 4246 justitia>
1448 4179 1610 4247 praevalere

552 4258 670 4329 injuria.
717 4256 785 4310 Jam
815 4256 893 4310 enim
923 4256 954 4310 in
980 4256 1114 4326 partibus
1145 4258 1253 4312 nostris
1282 4259 1365 4315 sedes
1393 4262 1553 4332 apostolica
1580 4264 1609 4318 in

553 4340 806 4397 subsannationem
825 4357 966 4394 conversa
983 4347 1029 4395 est
1046 4346 1076 4395 et
1103 4340 1249 4396 derisum:
1276 4343 1435 4414 privilegia
1460 4345 1555 4415 ipsius
1580 4353 1610 4401 et

552 4424 907 4498 p1·aeoepta1·edaetaeunt
920 4425 950 4478 in
962 4423 1097 4486 nihilum,
1112 4429 1142 4479 et
1160 4425 1306 4495 gravioris
1319 4427 1449 4482 scandali
1461 4428 1608 4500 pullulare

549 4512 612 4582 jum
630 4509 719 4581 coepit
736 4508 912 4562 incendium.
950 4507 1054 4579 Nuper
1072 4508 1150 4561 enim
1168 4527 1236 4563 cum
1263 4511 1292 4564 in
1316 4510 1522 4567 malefactores
1540 4513 1607 4568 illos
1795 4524 1800 4589 1

553 4596 614 4666 qui,
627 4594 720 4648 muris
734 4592 870 4656 effractis,
891 4593 1013 4656 curiam,
1027 4592 1114 4646 villas
1127 4598 1157 4648 et
1168 4594 1367 4665 passessiones
1379 4601 1505 4660 noemae,
1524 4598 1608 4652 nobis

384 4695 506 4738 nantino
552 4677 815 4734 contradicentibus
843 4683 873 4730 et
898 4676 1121 4747 appellantibus,
1142 4677 1319 4743 invaserunt,
1339 4696 1391 4750 per
1418 4678 1548 4750 priorem
1572 4681 1609 4735 de

384 4747 501 4797 thinghns
552 4763 732 4818 Faversham
763 4767 793 4815 et
823 4760 998 4830 magistrum
1024 4760 1256 4816 Farremannum
1286 4763 1322 4818 de
1348 4762 1485 4819 mandato
1512 4771 1610 4820 vestro

384 4799 454 4839 taken
463 4797 527 4889 {¹⁸⁰⁰

384 4849 527 4950 {mistica
552 4855 620 4919 post
633 4847 741 4900 trinam
761 4845 987 4898 admonitionem
1006 4844 1124 4914 publice
1144 4853 1175 4900 et
1192 4847 1362 4902 solemniter
1375 4849 1484 4903 factam
1502 4849 1612 4905 denun-

385 4948 516 4990 ottheson·
553 4932 629 4986 eiata
647 4937 725 4985 esset
744 4928 1049 4983 excommunicationis
1069 4930 1221 4994 sententia,
1242 4949 1289 4985 res
1302 4933 1379 5002 apud
1397 4950 1450 4988 nos
1468 4934 1609 4990 hactenus

386 4999 539 5090 {fffflunb
555 5016 694 5070 inusitata
712 5020 742 5068 et
760 5013 892 5067 inaudita
917 5019 1084 5082 perpetrata
1107 5021 1162 5069 est.
1208 5014 1379 5085 Presbyteri
1404 5017 1484 5071 enim
1502 5017 1610 5073 Cantu-

386 5101 470 5147 aurion.
555 5099 682 5154 arienses
696 5098 869 5152 sententiani
890 5096 966 5150 sedis
986 5097 1153 5167 apostelicae
1171 5116 1228 5153 non
1246 5099 1340 5154 solum
1360 5099 1609 5162 denunciaverunt

1812 2157 1814 2238 l

1812 2432 1814 2498 l

1811 2499 1814 2549 l

554 3374 672 3414 caeream
690 3362 860 3428 promoveat
877 3363 908 3412 ct
925 3355 1086 3426 negotium.
1796 3009 1814 3581 ΙΙ

1788 4074 1796 4299 l
