4192 6392
750 1230 909 1281 murana
932 1224 1146 1293 stammam!

536 1446 645 1504 CXIX.
683 1446 818 1500 Hammo
837 1459 906 1500 uror
925 1444 1096 1500 comanus
1116 1444 1355 1500 Gaurummnsrs.
1492 1459 1626 1561 &Q

451 1576 570 1632 Gratias
598 1576 715 1647 agimus
743 1575 924 1630 excellentiae
951 1580 1067 1637 vestrm,
1088 1573 1167 1645 quod
1195 1574 1231 1629 da
1262 1579 1342 1630 statu
1370 1579 1471 1629 nostro
1484 1583 1532 1628 Tho
1542 1588 1640 1631 convent

412 1660 602 1716 reformando
639 1660 758 1715 solliciti
790 1659 871 1723 estis,
904 1664 934 1713 et
964 1663 998 1713 ut
1026 1659 1121 1712 bonus
1153 1658 1286 1713 dominus
1318 1676 1470 1714 servorum
1482 1634 1627 1829 ἒὲξξᾷξῇ

1503 1797 1545 1830 om

414 1744 635 1817 oppressionem
653 1743 744 1799 vultis
763 1759 910 1813 reparare.
942 1741 1164 1807 Verumtamen,
1179 1742 1330 1797 carissimo
1343 1742 1468 1808 domine,
1549 1736 1625 1831 {uffi-

413 1829 551 1901 quamvis
570 1828 721 1883 dominum
748 1826 1004 1898 archiepiscopum
1026 1825 1175 1882 induxerit
1194 1827 1291 1898 gratia
1309 1833 1416 1891 vestra,
1437 1834 1471 1882 ut
1483 1819 1598 1881 theaich.

416 1913 550 1968 manerio
574 1917 675 1966 nostra
693 1928 758 1981 quaa
785 1910 907 1976 saisivit,
927 1909 1010 1964 nobis
1034 1909 1109 1965 velit
1131 1909 1265 1975 reddere,
1284 1911 1399 1966 litteras
1417 1910 1471 1964 mi·
1482 1886 1624 1982 l'fflffiflss,

417 1997 458 2053 sit
476 1997 549 2052 alias
573 1993 688 2067 [quam]
708 1995 876 2066 praelocutae
897 1995 1014 2049 fuerant
1032 1998 1099 2049 ante
1118 1996 1306 2065 praesentiam
1330 2001 1469 2059 vestram,
1483 1988 1622 2083 m?

418 2081 498 2137 siout
515 2086 660 2135 testantur
679 2080 785 2134 fratres
803 2078 906 2142 nostri,
928 2077 1035 2149 quibus
1056 2077 1126 2148 quia
1143 2079 1240 2149 magis
1258 2097 1310 2134 nos
1323 2079 1473 2134 dissaisiat
1484 2088 1641 2184 {agg-mh

419 2183 508 2237 quam
539 2164 650 2229 seisiat,
679 2169 710 2218 et
740 2163 792 2217 tali
817 2163 904 2217 modo
929 2160 1053 2216 reddere
1079 2166 1125 2217 est
1152 2163 1250 2217 omnia
1276 2163 1400 2227 auferre,
1428 2163 1472 2217 uti
1485 2190 1606 2241 hotham

417 2249 564 2305 nolumus.
601 2246 710 2302 Melius
729 2247 807 2301 enim
828 2246 912 2301 nobis
939 2252 985 2300 est
1012 2246 1154 2316 quamdiu
1171 2246 1325 2301 volueritis
1343 2252 1472 2302 vestram
1485 2241 1640 2333 ζῦῑξθᾱῑῑθθᾱ,

419 2339 450 2389 ot
479 2333 560 2387 illius
591 2333 718 2402 gratiam
749 2337 913 2401 expectare,
946 2347 1034 2400 quam
1066 2329 1163 2385 ablata
1193 2330 1224 2384 in
1254 2331 1473 2386 subversionem
1485 2303 1617 2386 cibum

421 2423 515 2474 status
542 2416 636 2472 nostri
661 2415 792 2487 accipere
820 2420 922 2470 contra
948 2413 1100 2469 libertates
1122 2431 1194 2485 quas
1213 2414 1353 2469 hactenus
1372 2414 1474 2469 habui·

419 2520 495 2568 mos,
532 2508 562 2556 et
592 2518 664 2571 quas
694 2500 778 2555 nobis
808 2500 839 2554 in
869 2498 1103 2570 possessionibus
1130 2499 1240 2555 nostris
1277 2504 1473 2555 antecessores

420 2585 511 2642 vestri
539 2589 746 2640 concesserunt
775 2589 806 2638 et
836 2583 1083 2638 confirmaverunt
1110 2584 1199 2639 cartis
1225 2585 1297 2649 suis,
1318 2590 1348 2639 et
1374 2589 1476 2640 eontra

421 2688 472 2725 vos
491 2669 627 2731 maxime,
649 2667 700 2739 qui
720 2667 920 2738 possessiones
939 2672 1055 2721 nostras
1077 2672 1106 2721 et
1131 2667 1284 2722 libertates
1309 2668 1393 2723 nobis
1418 2687 1475 2722 uon

421 2760 536 2809 tantum
554 2750 758 2816 confirmastis,
779 2750 832 2804 sed
850 2750 941 2804 etiam
959 2749 1091 2804 auxistis.
1128 2749 1196 2804 Non
1220 2750 1298 2804 enim
1316 2756 1474 2806 tenuerunt
1485 2768 1637 2819 mmm

420 2836 552 2892 maneria
581 2833 738 2907 aliquando
768 2832 940 2889 cellararius
965 2839 995 2888 et
1020 2833 1152 2898 sacrista,
1185 2833 1262 2889 sicut
1293 2834 1379 2890 modo
1408 2835 1474 2891 vult
1484 2821 1532 2914 {2⁶
1541 2824 1623 2867 ’ΨΜ

1515 2883 1543 2915 ΥΘ
1550 2883 1621 2917 110181·

421 2920 555 2976 dominus
583 2919 830 2989 archiepiscopus,
852 2918 904 2973 sed
929 2934 982 2972 nos
1010 2918 1158 2972 communi
1185 2918 1308 2974 consilio
1332 2918 1472 2974 iratribus
1485 2919 1541 2964 held
1549 2922 1612 2967 their

420 3003 620 3059 commisimus
645 3002 796 3068 servanda,
818 3001 926 3073 quibus
951 3001 1058 3056 melius
1083 3006 1114 3056 et
1136 3001 1241 3056 utilius
1259 3001 1424 3067 videbatur,
1444 2975 1643 3077 etffilngzfflo„

420 3104 472 3159 per
490 3092 552 3142 tres
565 3087 672 3142 fratres
691 3086 899 3150 thesaurariae,
914 3085 1011 3139 omnia
1024 3102 1090 3156 quaa
1108 3084 1145 3139 de
1163 3085 1302 3141 maneriis
1320 3086 1472 3157 provenie·
1485 3073 1636 3170 {J‘tfflffi

420 3171 499 3236 bant,
520 3171 659 3226 similiter
677 3175 707 3224 et
724 3187 825 3224 omnes
850 3169 983 3224 redditus
1010 3168 1142 3224 eeclesia>
1167 3175 1197 3225 et
1214 3170 1402 3226 obventiones
1420 3188 1472 3242 per
1484 3135 1574 3227 obtop.

420 3255 519 3310 tallias
549 3260 580 3310 et
610 3254 751 3325 scriptum
781 3253 977 3325 percipientes
1013 3252 1265 3309 distribuebantur
1293 3255 1354 3310 illis
1378 3255 1473 3310 tribua

422 3338 652 3403 obedientiariis,
672 3344 702 3392 et
720 3336 786 3392 aliis
805 3337 939 3392 omnibns
958 3344 1046 3409 prout
1065 3337 1171 3407 cuique
1190 3354 1263 3409 opus
1282 3345 1354 3394 erat.
1386 3339 1474 3395 Hunc

422 3430 532 3479 statum
549 3428 682 3477 nostrum
700 3422 835 3476 dominus
854 3421 1101 3493 archiepiscopus,
1122 3440 1189 3477 cum
1214 3422 1242 3477 ei
1260 3423 1338 3494 apud
1355 3423 1474 3493 Winge-
1487 3436 1629 3484 flehinsalr

421 3508 489 3563 ham
508 3512 641 3562 ostensus
660 3510 739 3561 esset
757 3522 854 3560 coram
867 3505 903 3559 de
916 3505 1063 3560 Evesham
1076 3511 1107 3560 ot
1119 3505 1296 3561 Feversham
1309 3506 1472 3571 abbatibus,
1486 3486 1620 3585 hssffithe

422 3591 565 3663 magistro
584 3588 738 3644 Foramina
766 3594 796 3642 et
821 3588 922 3644 multis
950 3589 1025 3653 aliis,
1048 3590 1210 3661 plurimum
1234 3590 1415 3662 approbarit,
1445 3550 1614 3648 etlfflssfflr·

421 3676 521 3731 verbis
541 3674 658 3746 quibua,
679 3674 703 3728 si
732 3673 862 3743 placeret
889 3672 926 3737 oi,
947 3678 1025 3728 staro
1053 3672 1182 3738 deberet,
1203 3675 1394 3732 confirmavit.
1431 3644 1629 3731 Demgement.

421 3759 510 3814 rebus
541 3764 641 3812 autem
670 3756 779 3811 nostris
805 3773 858 3810 nos
885 3755 977 3811 libero
1005 3755 1143 3811 ordinare
1173 3758 1313 3823 solemus,
1335 3759 1411 3814 sicut
1441 3778 1476 3815 ex
1515 3765 1544 3810 ro.
1553 3767 1621 3808 ²41⁰·

423 3842 608 3913 nanscmptis
636 3848 783 3896 cartarum
813 3840 1062 3911 praedecessorum
1093 3847 1269 3908 vestrorum,
1298 3862 1363 3914 quaa
1393 3840 1644 3935 vobisfflooonvent

424 3927 579 3989 mittimus,
599 3925 753 3979 manifeste
772 3923 894 3993 potestis
919 3924 1109 3994 perpendero,
1131 3925 1156 3979 si
1180 3925 1325 3996 placuerit
1344 3927 1476 3998 benigni-
1488 3893 1640 3997 mamli-

424 4010 476 4066 tati
501 4016 609 4065 restrae
637 4026 671 4063 ea
696 4008 841 4079 inspicere
867 4008 915 4063 vel
941 4008 1053 4062 audire.
1092 4008 1177 4065 Unde
1203 4010 1351 4081 majestati
1369 4018 1476 4067 vestrae
1488 3993 1597 4086 3¹⁰⁸⁰⁰f
1614 4045 1647 4088 itu

424 4094 624 4167 supplicamus
642 4109 742 4147 omues
760 4098 790 4147 et
809 4091 930 4163 singuli,
951 4098 1096 4163 quatenus
1115 4110 1168 4162 pro
1192 4094 1355 4149 reverentia
1373 4095 1429 4150 Doi
1447 4102 1477 4151 et
1488 4104 1541 4137 0W¹¹
1601 4107 1632 4139 η·

424 4184 591 4233 sanctorum
604 4193 728 4248 quoram
742 4192 864 4246 corpora
877 4174 906 4228 in
919 4174 1126 4230 Cantuarionsi
1139 4177 1263 4232 ecclesia
1279 4179 1475 4248 requiescunt,

425 4262 500 4318 huno
520 4267 629 4317 statum
648 4259 732 4315 nobis
751 4258 851 4313 velitis
870 4258 1038 4323 reformare,
1060 4259 1130 4330 qnia
1147 4262 1346 4327 possessiones
1364 4268 1478 4318 nostras

426 4346 533 4418 quibus
564 4344 659 4399 adhuc
693 4342 825 4414 quotidie
855 4343 1016 4414 spoliamur
1045 4360 1103 4398 non
1133 4344 1308 4400 advocamus
1338 4346 1396 4400 nisi
1426 4364 1479 4417 per

426 4430 522 4486 Deum
547 4436 578 4485 et
602 4446 655 4501 per
682 4445 744 4492 vos,
770 4443 824 4481 nec
851 4426 890 4482 ad
917 4426 1042 4498 alicujus
1070 4429 1301 4498 suggestionem,
1327 4430 1478 4485 carissimo

426 4513 552 4579 domine,
584 4513 699 4567 faciatis
730 4509 844 4581 aliquid
870 4511 917 4565 vel
945 4510 1009 4565 fieri
1039 4513 1237 4578 consentiatis,
1270 4512 1348 4583 quod
1380 4519 1480 4570 contra

426 4597 565 4655 honorem
582 4601 713 4652 vestrum
732 4595 773 4651 sit
790 4594 837 4651 vel
856 4594 991 4650 salntem.

554 4826 648 4882 CXX.
685 4825 808 4881 Uaasuo
827 4837 904 4879 aare
923 4823 1094 4881 Cosasrros
1113 4826 1352 4884 Caurammusrs.
1498 4849 1640 4904 sapsam

461 4956 667 5013 Possessiones
679 4961 803 5021 nostras,
817 4955 893 5010 bona
905 4972 1078 5026 pauperum,
1092 4975 1150 5013 una
1161 4976 1228 5014 oum
1243 4960 1385 5030 personis,
1400 4957 1478 5017 sicut
1490 4967 1538 5012 'l'ho
1548 4974 1647 5016 convent

424 5041 486 5113 jam
516 5039 627 5096 mundo
654 5040 790 5105 innotuit,
818 5039 873 5094 sub
899 5040 1080 5110 protectione
1107 5040 1187 5098 beati
1215 5043 1297 5098 Petri
1324 5049 1355 5099 et
1378 5050 1478 5102 vestra
1488 5019 1651 5163 ffssael’loffgf

428 5124 647 5192 collocavimus,
674 5123 856 5196 appellantes
880 5123 1047 5195 quicunque
1073 5124 1109 5180 de
1136 5125 1202 5181 sinu
1227 5131 1325 5182 vestro
1349 5126 1475 5187 tulisset.
1501 5118 1604 5175 ¹¹⁰W·
