4192 6392
549 1196 615 1261 230
829 1209 1000 1259 spissata
1022 1209 1313 1270 csnruuamssas,

398 1378 454 1424 AJ>-
462 1383 520 1426 11⁸8·
547 1379 579 1434 iu
603 1380 685 1436 ouria
711 1388 934 1448 commorentur,
962 1383 1120 1438 dummodo
1144 1383 1203 1455 ipsi
1227 1399 1287 1438 una
1314 1381 1466 1438 vobiscum
1495 1397 1602 1452 pacem

380 1432 536 1538 plssffgng
548 1472 771 1535 consequantur.
809 1466 905 1521 Immo
923 1467 949 1522 si
966 1467 998 1521 in
1016 1466 1129 1538 aliquid
1140 1468 1216 1522 citra
1233 1466 1366 1521 debitum
1378 1464 1600 1526 consenseritis,

379 1548 513 1638 ffiffiss
548 1549 656 1605 scimus
675 1551 745 1621 quia
762 1550 879 1606 domino
904 1551 996 1622 priori
1021 1569 1079 1605 non
1105 1550 1281 1622 displicebit.
1326 1549 1396 1621 Ipse
1423 1548 1501 1603 enim
1519 1565 1601 1620 saepe

379 1644 479 1688 silbons
487 1647 528 1688 the
547 1632 629 1698 dixit,
649 1635 730 1689 hisee
748 1635 868 1690 auribus
879 1636 954 1690 meis
966 1636 1162 1700 audientibus,
1175 1635 1272 1705 magis
1290 1634 1392 1689 anxius
1404 1633 1488 1688 vobis
1507 1648 1600 1703 quam

380 1695 536 1747 W'lm
546 1717 613 1782 sibi,
635 1717 783 1773 “Utinam
801 1720 864 1773 sine
881 1737 928 1773 me
946 1719 1068 1774 haberet
1085 1717 1209 1774 ecclesia
1226 1735 1338 1789 pacem.
1384 1715 1505 1770 Mallem
1517 1715 1600 1769 enim

503 1814 515 1827 ··
548 1803 567 1829 “
582 1818 696 1873 semper
708 1802 835 1867 exulare,
850 1821 937 1874 quam
949 1803 1055 1857 fratres
1073 1808 1186 1857 nostrus
1198 1802 1247 1856 vel
1264 1801 1302 1856 ad
1319 1799 1467 1855 modicum
1478 1805 1600 1869 tempus

548 1885 568 1912 ‘⁴
581 1884 624 1939 sic
636 1886 756 1956 affligi?
769 1885 908 1954 Quamvis
920 1891 1019 1941 autem
1031 1886 1128 1941 omnia
1138 1885 1223 1941 vobis
1234 1885 1351 1949 liceant,
1366 1883 1418 1938 sed
1429 1899 1487 1937 non
1499 1882 1600 1938 omnia
1611 1889 1690 1935 loor.
1698 1891 1763 1936 rau.

546 1969 711 2039 expediunt.
749 1969 854 2041 Itaque
872 1970 966 2026 adhuc
991 1969 1128 2025 standum
1146 1975 1200 2034 est,
1226 1969 1322 2024 adhuc
1340 1968 1376 2024 de
1394 1966 1601 2022 misericordia

546 2051 603 2106 Dei
614 2051 823 2107 confidendum.
856 2053 1007 2109 Liberavit
1023 2071 1078 2124 pro
1095 2059 1175 2109 certo
1194 2052 1336 2108 Dominus
1348 2050 1490 2122 populum
1503 2048 1600 2105 Suum

545 2134 582 2188 de
600 2150 689 2190 manu
706 2137 877 2207 potentium.
915 2136 1010 2208 Prope
1029 2142 1075 2192 est
1092 2142 1126 2192 ut
1143 2137 1243 2192 veniat
1259 2141 1375 2208 tempus
1387 2135 1470 2205 Ejus,
1485 2139 1516 2189 et
1532 2132 1599 2189 dies

545 2218 619 2288 Ejus
637 2236 693 2273 uon
711 2220 946 2291 elongabuntur3
965 2221 1154 2275 miserebitur
1171 2220 1313 2275 Dominus
1332 2218 1434 2283 Jacob,
1454 2222 1484 2272 et
1502 2216 1599 2272 Israel
1612 2218 1769 2266 lossensi

546 2301 715 2358 salvabitur.
754 2304 950 2360 Consiliorum
975 2304 1059 2360 nobis
1084 2303 1183 2375 itaque
1208 2303 1335 2368 videtur,
1355 2307 1407 2358 aut
1424 2318 1524 2357 omnes
1541 2318 1599 2356 nos

547 2390 599 2440 aut
616 2386 730 2456 aliquos
747 2395 880 2443 nostrum
904 2389 936 2442 in
962 2388 1095 2460 partibus
1120 2388 1186 2444 istis
1213 2404 1326 2442 moram
1351 2387 1457 2450 facere,
1477 2390 1511 2440 ut
1529 2401 1599 2456 qum

546 2468 660 2538 agenda
677 2471 793 2526 suntin
810 2472 975 2526 cismarinis
992 2472 1142 2526 valeamus
1160 2470 1305 2542 expedire,
1332 2469 1384 2525 ubi
1411 2472 1525 2524 constat
1540 2467 1600 2523 hac

378 2553 530 2600 stasanor
547 2557 719 2626 tempestate
745 2558 896 2628 negotium
922 2575 1094 2629 quocunque
1120 2557 1213 2625 modo
1233 2556 1283 2628 agi
1306 2562 1448 2627 oportere.
1484 2553 1601 2610 Verum

379 2604 524 2702 ffimmhssf
547 2635 606 2692 ista
623 2656 689 2709 quae
706 2639 866 2695 mandastis
885 2639 921 2695 de
938 2641 1117 2712 profectione
1142 2640 1354 2711 archiepiscopi
1371 2638 1409 2694 ad
1434 2637 1599 2709 capitulum

377 2704 500 2809 wgo,
549 2721 753 2788 cisterciense,
785 2723 926 2779 decanum
957 2725 1131 2780 Remensem
1160 2724 1245 2780 uobis
1282 2723 1419 2779 similiter
1454 2721 1599 2818 noveritis

377 2805 522 2953 issisti·
547 2823 709 2950 titt?
730 2808 1602 2951 ‘stzzsttttldsztmttttffl
1641 2819 1646 2827 ’

375 2957 479 3053 m
545 2978 683 3049 laqueum
706 2980 934 3035 adventantium.
969 2980 1106 3036 Voloeior
1128 2981 1299 3051 insequetur
1324 2937 1496 3049 quocunque
1515 2961 1602 3033 diffi-

546 3063 617 3134 giat.
654 3063 792 3118 Misimus
810 3081 881 3134 ergo
899 3081 1024 3135 puerum
1036 3082 1124 3134 quem
1142 3064 1311 3119 destinastis
1329 3063 1361 3117 in
1372 3061 1595 3126 Nomanniam,

545 3146 642 3202 omnia
653 3148 811 3217 inquirere,
825 3155 856 3203 et
873 3165 961 3218 super
977 3147 1015 3202 iis
1028 3166 1094 3219 quse
1112 3165 1130 3201 a
1148 3147 1328 3217 sapientibus
1343 3144 1453 3217 jubetis
1465 3145 1595 3214 inquiri:

544 3231 682 3285 certiores
701 3230 805 3295 effecti,
825 3247 878 3286 vos
896 3231 1058 3286 certificare
1076 3231 1253 3296 curabimus,
1272 3229 1411 3284 videlicet
1427 3227 1464 3282 de
1487 3228 1597 3284 nuncio

545 3313 721 3370 Cistercium
739 3314 902 3386 dirigendo,
923 3316 948 3370 si
967 3333 1039 3386 opus
1059 3316 1157 3380 fuerit,
1178 3321 1208 3370 et
1235 3315 1312 3369 aliis.
1352 3313 1467 3369 Scimus
1484 3317 1594 3377 tamem

545 3399 614 3467 quia
630 3416 684 3468 per
709 3416 741 3453 se
763 3403 853 3469 patet,
872 3398 987 3454 litteras
1012 3399 1050 3453 ed
1076 3399 1239 3469 capitulum
1266 3397 1434 3468 dirigendas
1461 3401 1596 3467 patentes

377 3484 608 3544 §leucam-esse
627 3500 685 3537 non
702 3482 818 3546 debere,
839 3483 890 3537 sed
917 3483 1040 3537 clausas.
1075 3482 1189 3537 Moram
1206 3482 1346 3551 majorem
1365 3482 1487 3535 facimus
1507 3497 1596 3551 quam

376 3537 533 3634 iiffiffi'ffi
544 3565 687 3619 vellemus
706 3567 784 3636 apud
797 3566 935 3620 Sanctum
948 3567 1109 3630 Bertinum,
1124 3566 1174 3620 ubi
1187 3566 1323 3620 dominus
1341 3564 1429 3619 abbas
1448 3568 1478 3618 et
1490 3563 1595 3618 fratres

376 3636 501 3730 ffls‘ssnd
547 3649 692 3702 socialiter
710 3667 762 3702 nos
788 3651 949 3719 recipiunt:
972 3650 1154 3719 quandoque,
1183 3667 1219 3702 ne
1238 3667 1287 3703 eos
1312 3649 1404 3703 nostri
1422 3646 1537 3711 taedeat,
1559 3646 1596 3700 ad

377 3734 514 3780 rorletters:
546 3731 603 3784 alia
629 3733 805 3786 monasteria
822 3733 989 3787 transimus
1028 3733 1118 3800 Quasi
1137 3751 1207 3804 ergo
1227 3751 1341 3803 semper
1359 3733 1437 3802 apud
1456 3732 1595 3786 Sanctum

376 3793 532 3882 {mmm
545 3815 700 3869 Bortiuum
727 3815 896 3879 residentes,
918 3835 994 3886 saepc
1013 3817 1169 3872 Withsaud
1187 3818 1330 3871 mittimus
1356 3817 1393 3870 ad
1418 3816 1596 3886 magistrum

375 3886 495 3940 ⁰¹¹¹¹⁰¹¹⁰l
545 3898 715 3963 Henricum,
755 3918 884 3970 quaeroro
922 3902 947 3953 si
983 3901 1151 3955 mandatum
1187 3900 1305 3970 aliquod
1335 3900 1440 3953 habeat
1470 3899 1506 3953 ad
1542 3916 1594 3952 nos

543 3983 687 4036 directum
705 4002 722 4036 a
739 3984 831 4037 vobis.
867 3984 929 4038 Nos
948 3986 1076 4054 quidem,
1098 3985 1166 4054 quia
1183 3985 1255 4038 bene
1273 3985 1355 4038 sartis
1374 3982 1478 4037 loculis
1502 3981 1596 4036 Roma

543 4067 726 4130 recessimus,
757 4069 889 4137 expensis
925 4087 982 4121 non
1018 4068 1193 4137 indigemus,
1224 4067 1347 4137 ideoque
1383 4067 1441 4121 nisi
1472 4066 1596 4121 Romani

544 4166 683 4214 essemus,
704 4170 854 4221 possemus
881 4152 964 4205 vobis
990 4153 1102 4221 aliquid
1126 4153 1161 4205 de
1186 4158 1356 4223 paupertate
1383 4157 1484 4205 nostra
1501 4158 1595 4205 traus-

376 4237 531 4283 Thollomans
544 4233 669 4288 mittere.
703 4235 761 4288 Sed
780 4235 923 4289 ablativus
935 4237 1061 4306 proprie,
1076 4242 1109 4290 ut
1121 4236 1193 4290 dicit
1205 4236 1381 4297 Priscianus,
1396 4235 1595 4288 Romanorum

375 4287 475 4382 {iiiiii
544 4323 598 4382 est,
618 4336 675 4371 nou
693 4319 818 4373 dativus.
857 4320 889 4373 Si
917 4339 974 4390 qua
992 4321 1163 4374 victualium
1189 4322 1287 4391 inopia
1312 4319 1463 4390 sexaginta
1480 4336 1594 4373 marcas

374 4388 517 4485 ffiffitffv'ff
544 4401 579 4456 de
599 4403 704 4473 quibus
723 4405 839 4458 domino
857 4405 949 4474 priori
967 4404 1126 4474 scripsistis
1139 4404 1333 4467 comederitis,
1348 4404 1435 4457 fidem
1452 4410 1592 4466 nostram,

374 4490 492 4584 mdiu
544 4504 632 4554 quam
650 4488 680 4541 iu
705 4487 873 4558 accipiendo
906 4494 1050 4550 mutuum,
1071 4488 1107 4541 dc
1132 4489 1256 4558 pecunia
1283 4487 1422 4542 solvenda
1447 4486 1592 4551 dedimus,

374 4593 492 4641 pamm,
543 4570 619 4623 fame
645 4572 748 4625 canina
778 4572 962 4626 devorabitis.
1002 4573 1118 4625 Parcite
1144 4573 1253 4643 itaqua,
1279 4573 1304 4626 si
1328 4572 1461 4642 potestis,
1490 4572 1594 4627 saltem

374 4639 503 4693 whicuyou
542 4653 692 4708 animabus
710 4656 827 4719 nostris,
848 4663 877 4709 et
895 4655 1035 4710 absolvite
1055 4673 1115 4709 nos.
1152 4655 1339 4710 Remittimus
1366 4673 1491 4726 puerum
1516 4656 1594 4710 huno

375 4697 497 4744 mmm
541 4738 716 4791 veteriorem
743 4738 839 4807 lapide
867 4738 904 4792 ad
930 4757 981 4793 vos
1009 4739 1197 4794 infirmatum.
1238 4739 1400 4794 Consilium
1419 4741 1447 4794 ei
1466 4739 1543 4803 date,
1564 4746 1594 4794 ei

542 4822 673 4876 exhibete
698 4821 909 4876 humanitatem
935 4841 1022 4892 quam
1050 4825 1181 4893 potestis,
1207 4828 1302 4878 totum
1326 4825 1404 4877 enim
1429 4841 1483 4895 pro
1508 4824 1593 4879 uobis

540 4904 670 4976 reliquit,
709 4912 739 4960 et
773 4906 899 4960 multum
935 4906 1088 4961 laboravit.
1139 4896 1358 4978 Transcriptrim
1394 4909 1587 4980 indulgentias

540 4988 650 5043 domini
668 4990 789 5055 Urbani,
810 4996 839 5044 et
858 4990 1007 5044 sententiaa
1026 4991 1135 5045 domini
1155 4992 1314 5046 Clementis
1333 4993 1363 5046 in
1387 4994 1590 5048 malefactores

540 5081 652 5127 vestros
671 5074 747 5140 latoe,
769 5074 852 5129 nobis
873 5075 991 5130 mittite.
1025 5074 1142 5131 Gratias
1166 5077 1307 5131 habemus
1332 5077 1414 5133 vobis
1440 5079 1518 5148 quod
1536 5094 1591 5132 nos
