4192 6392
649 1175 714 1241 too
1008 1254 1010 1257 v
1034 1210 1037 1212 ·
1078 1168 1274 1244 seranum.

494 1368 619 1418 mnes
646 1365 702 1423 dns
720 1365 965 1439 archiepiscopus,
984 1352 1076 1424 totius
1094 1366 1212 1439 Anglias
1229 1367 1351 1441 primas,
1371 1372 1403 1423 et
1419 1368 1599 1441 apostolice
1630 1369 1713 1426 sedis

479 1435 606 1532 ΠΨ
644 1448 771 1522 legatus,
803 1458 835 1508 et
861 1451 975 1509 Alanus
1003 1452 1086 1525 prior
1110 1463 1328 1526 conventusque
1356 1452 1527 1510 (lantuariae
1558 1452 1711 1519 scolene,

479 1489 618 1583 &aad
635 1534 743 1607 ipsum
765 1551 868 1607 regem
897 1553 966 1592 cnm
995 1536 1058 1592 suis
1087 1537 1119 1591 in
1148 1553 1233 1592 suam
1262 1541 1442 1608 receperunt
1470 1536 1708 1603 fraternitatem,

419 1673 430 1692 ,
479 1588 607 1692 mu*
644 1612 851 1676 beneficiorum
875 1620 1008 1691 ejusdem
1025 1621 1159 1677 ecclesia
1183 1621 1360 1693 participem
1387 1637 1452 1677 esse
1477 1626 1706 1687 concesserunt,

478 1690 611 1786 mm
645 1708 677 1759 et
702 1702 836 1775 quadam
861 1705 921 1760 alia
943 1721 997 1775 pro
1023 1704 1089 1775 ipso
1117 1721 1191 1776 rege
1217 1710 1248 1760 et
1275 1705 1338 1761 suis
1368 1704 1542 1776 specialiter
1566 1704 1707 1768 iacienda

462 1809 464 1811 ·
644 1790 818 1844 statuerunt.
853 1787 901 1842 Ne
912 1804 983 1843 vero
993 1804 1042 1843 res
1054 1787 1121 1859 ipsa
1132 1788 1237 1844 debeat
1246 1788 1295 1842 vel
1314 1788 1410 1861 possit
1427 1788 1579 1844 oblivione
1597 1787 1703 1853 deleri,

644 1871 760 1927 litteras
785 1889 853 1928 suas
883 1888 972 1943 snper
1000 1871 1058 1927 boo
1087 1871 1184 1927 eidem
1212 1873 1279 1945 regi
1296 1873 1328 1928 in
1348 1872 1428 1929 bunc
1456 1871 1582 1928 modum
1612 1871 1706 1930 mdi-

646 1954 762 2011 derunt.
1331 1958 1338 1973 “

682 2036 966 2094 “Excellentissimo
991 2037 1109 2095 domino
1133 2038 1166 2094 iu
1191 2036 1312 2097 Christo
1339 2038 1494 2097 carissimo
1523 2039 1701 2113 Irodowyeo,

644 2120 701 2177 Dei
719 2121 823 2193 gratia
837 2121 903 2193 regi
921 2121 1102 2178 Francorum
1119 2122 1336 2188 illustrissimo,
1356 2122 1503 2179 Ricardus
1523 2121 1583 2179 Dei
1602 2123 1702 2196 gratis

644 2204 882 2276 archiepiscopus
901 2204 1131 2272 cantuariensis,
1151 2208 1244 2264 totius
1262 2206 1382 2278 Angliae
1399 2207 1521 2279 primas,
1535 2213 1568 2264 et
1585 2211 1702 2280 aposto·

643 2286 709 2344 lica
727 2287 807 2345 sedis
824 2287 953 2361 legatus,
966 2288 1081 2346 Alanus
1099 2289 1181 2361 prior
1201 2297 1423 2363 conventusque
1440 2289 1576 2347 ecclesias
1587 2289 1703 2347 Christi

643 2370 821 2439 Centauris,
835 2379 976 2430 aternam
994 2374 1026 2429 in
1043 2373 1170 2431 Domino
1183 2375 1318 2432 salutem.
1354 2373 1472 2431 Placuit
1483 2373 1701 2447 omnipotentis

643 2451 702 2510 Dei
717 2455 928 2513 misericordia
951 2457 1135 2530 temporibus
1153 2459 1265 2515 nostris
1282 2476 1338 2532 per
1353 2457 1573 2531 magnitudinis
1593 2465 1701 2516 vestra

642 2540 832 2611 praesentiam
858 2540 1013 2595 ecclesiam
1031 2539 1275 2598 Gautuariensem
1297 2541 1430 2606 exaltari,
1448 2541 1481 2597 in
1508 2547 1621 2614 quaet
1636 2543 1698 2609 uos,

592 2627 596 2634 '
643 2622 723 2680 sicut
740 2629 882 2689 tenemur,
896 2624 939 2680 ita
950 2630 981 2680 et
998 2623 1202 2681 desideramus
1220 2625 1383 2697 paratiores
1400 2624 1529 2681 inveniri
1546 2625 1701 2683 uberiores

643 2707 767 2781 proinde
794 2707 858 2764 Deo
884 2708 1048 2779 gratiarum
1071 2709 1204 2765 actiones
1221 2710 1344 2765 referre.
1381 2709 1466 2765 Licet
1490 2715 1592 2766 autem
1615 2709 1701 2782 juxta
1736 2769 1739 2771 ‚

644 2792 751 2848 merita
767 2792 953 2849 celsitudinis
964 2797 1083 2859 vestra,
1095 2798 1185 2866 prout
1205 2792 1354 2865 cupimus,
1369 2792 1454 2849 vobis
1471 2809 1530 2849 nou
1548 2795 1699 2865 possimus

533 2879 538 2889 '
641 2876 830 2948 respondere,
861 2877 894 2932 id
921 2882 1022 2935 tamen
1051 2876 1203 2934 modicum
1231 2876 1311 2950 quod
1334 2876 1468 2934 valemus
1498 2877 1538 2933 ad
1568 2892 1701 2950 praesens

643 2961 785 3032 prosequi
804 2959 998 3016 decrevimus.
1035 2958 1113 3016 Sane
1132 2960 1169 3017 de
1191 2961 1341 3017 communi
1358 2960 1509 3018 voluntate
1526 2965 1559 3017 et
1576 2978 1701 3019 assem

643 3043 774 3100 omnium
791 3050 925 3099 nostrum
947 3061 1001 3099 vos
1020 3049 1051 3099 et
1068 3042 1218 3099 dominam
1235 3045 1382 3117 reginam,
1395 3043 1546 3100 heredem
1561 3053 1701 3102 restrum

642 3132 676 3183 et
698 3134 824 3193 vestros,
842 3126 1052 3183 beneficiorum
1069 3125 1290 3185 Oantuariensis
1308 3128 1441 3185 ecclesie
1458 3127 1620 3200 participes
1638 3129 1702 3202 ple·

643 3213 710 3271 nius
729 3228 793 3268 esse
805 3210 1012 3267 concessimus.
1051 3209 1181 3267 Obtentu
1199 3211 1289 3268 etiam
1306 3211 1388 3268 beati
1405 3211 1525 3268 Thema
1542 3213 1698 3284 murtyris,

643 3314 734 3370 quem
751 3299 833 3351 tanto
857 3293 888 3349 in
904 3292 995 3349 terris
1021 3293 1210 3364 prevenistis
1234 3293 1356 3360 honore,
1384 3295 1513 3367 insuper
1532 3295 1700 3369 adjecimus

644 3380 725 3453 quod
742 3377 870 3450 singulis
888 3377 992 3432 diebus
1010 3375 1119 3433 debeat
1135 3396 1212 3434 unus
1230 3379 1268 3434 de
1292 3379 1434 3435 iratribus
1457 3379 1569 3449 nostris
1587 3381 1702 3452 specia-

645 3466 716 3521 liter
732 3481 787 3536 pro
803 3462 886 3518 vobis
905 3467 935 3517 ot
952 3460 1070 3515 domina
1086 3462 1201 3533 regina,
1227 3463 1347 3519 haerede
1365 3470 1465 3519 vestro
1483 3468 1513 3518 et
1529 3465 1655 3532 vestris,
1668 3467 1701 3521 iu

644 3550 708 3605 vita
725 3554 822 3603 vestra
841 3545 960 3600 missam
986 3544 1022 3598 de
1049 3545 1162 3616 Spiritu
1191 3546 1298 3602 Sancto
1325 3547 1482 3602 celebrare.
1523 3546 1700 3605 Sacerdotes

644 3635 735 3689 etiam
752 3649 819 3685 cnm
837 3629 952 3683 caeteris
971 3629 1112 3683 fratribus
1131 3630 1282 3685 inferioris
1302 3632 1414 3686 ordinis
1442 3630 1472 3684 in
1499 3631 1699 3688 celebratione

644 3718 811 3778 missarum,
838 3720 867 3767 et
896 3713 1021 3766 maxime
1045 3713 1076 3766 in
1100 3714 1288 3784 perceptione
1314 3715 1452 3785 Corporis
1477 3721 1508 3770 et
1533 3714 1699 3786 Sanguinis

643 3799 761 3855 Domini
773 3802 918 3860 tenentur,
933 3800 1074 3866 quantum
1087 3797 1190 3852 adhoc
1203 3798 1285 3852 Deus
1304 3799 1504 3869 inspiraverit,
1524 3802 1699 3855 memoriam

641 3884 733 3939 vestri
752 3888 975 3950 vestrorumque
994 3880 1100 3934 facere.
1137 3880 1184 3935 Ad
1196 3881 1259 3936 haec
1274 3887 1335 3936 tres
1347 3882 1503 3936 monachos
1516 3882 1554 3936 ad
1566 3901 1698 3953 praesens

642 3966 810 4038 specialiter
827 3982 881 4034 pro
898 3965 982 4018 vobis
1001 3965 1153 4028 iaciemus,
1174 3965 1226 4035 qui
1253 3965 1378 4021 debeant
1395 3971 1527 4035 tempore
1545 3967 1616 4021 vitae
1635 3987 1698 4024 suae

641 4069 695 4122 pro
723 4060 824 4103 vestra
854 4054 883 4101 et
913 4047 1037 4101 dominae
1068 4049 1179 4118 regium
1209 4049 1361 4120 vestrique
1388 4050 1442 4103 filii
1469 4055 1500 4104 et
1528 4056 1697 4106 vestrorum

641 4136 737 4191 salute
765 4133 859 4186 Deum
881 4132 995 4201 jugiter
1014 4132 1180 4202 implorare.
1220 4133 1296 4187 Cum
1314 4152 1384 4189 vero
1403 4133 1466 4188 dies
1486 4135 1583 4189 obitus
1602 4139 1695 4191 vestri

640 4219 724 4275 nobis
743 4217 912 4279 innotuerit,
932 4217 983 4269 fiet
1010 4217 1165 4270 servitium
1184 4235 1238 4288 pro
1256 4217 1339 4272 vobis
1359 4219 1436 4272 sicut
1452 4236 1507 4288 pro
1526 4236 1582 4271 uno
1599 4220 1696 4274 archi·

642 4305 777 4376 episcopo
796 4300 1015 4356 Cantuariensis
1034 4301 1184 4355 ecclesius:
1214 4301 1269 4355 hoc
1295 4308 1341 4357 est
1367 4301 1444 4372 quod
1469 4303 1579 4373 singuli
1596 4320 1694 4357 sacer·

641 4391 724 4445 dotes
762 4386 885 4455 triginta
923 4384 1038 4447 missas,
1080 4384 1131 4439 alii
1161 4402 1235 4440 vero
1266 4385 1416 4439 inferioris
1448 4386 1559 4440 ordinis
1589 4385 1694 4441 decem

641 4472 782 4544 psalteria
800 4470 906 4532 dicent,
927 4474 1013 4539 prout
1032 4468 1128 4538 ipsum
1147 4469 1275 4523 officium
1294 4469 1372 4539 quod
1391 4469 1422 4522 in
1440 4476 1585 4525 conventu
1604 4489 1695 4540 gene-

640 4557 744 4611 raliter
761 4554 818 4608 fiet.
855 4553 1027 4606 Procuratio
1046 4553 1135 4606 etiam
1153 4553 1242 4606 unius
1261 4553 1398 4607 monachi
1416 4571 1469 4624 por
1487 4559 1582 4608 totum
1607 4555 1694 4610 illum

640 4658 749 4695 annum
767 4638 884 4691 dubitur
902 4637 952 4689 uni
972 4636 1103 4706 pauperi.
1142 4635 1233 4690 Facta
1252 4643 1351 4690 autem
1370 4637 1436 4690 anni
1457 4637 1694 4710 uniuscujusque

640 4722 821 4777 revolutione
852 4737 918 4773 cum
948 4719 1011 4773 dies
1042 4719 1238 4773 anniversarii
1267 4720 1359 4774 vestri
1390 4720 1551 4784 advenerit,
1581 4722 1632 4777 fiet
1662 4725 1695 4778 in

641 4812 785 4862 conventu
803 4823 856 4875 pro
868 4803 951 4858 vobis
964 4803 1091 4857 officium
1111 4803 1254 4873 speciale;
1278 4803 1388 4874 singuli
1406 4804 1494 4858 etiarn
1513 4806 1692 4872 sacerdotes,

641 4890 773 4961 singulas
791 4888 896 4942 missas
915 4887 1113 4950 celebrabunt,
1134 4905 1200 4941 cum
1220 4888 1421 4958 caeterisquae
1448 4888 1490 4941 ibi
1515 4888 1588 4944 fient
1605 4890 1695 4946 bene·

640 4976 714 5030 ficiis
733 4981 762 5028 et
779 4972 968 5027 orationibus.
1006 4971 1047 5026 Ut
1065 4977 1163 5026 autem
1183 4970 1265 5025 nulla
1289 4971 1434 5026 oblivione
1454 4971 1547 5025 deleri
1566 4973 1694 5032 debeant

638 5060 671 5113 in
682 5063 841 5129 posterum,
861 5055 923 5110 haec
942 5055 1040 5109 omnia
1058 5056 1089 5110 in
1101 5055 1270 5125 murtilogio
1287 5061 1388 5110 nostro
1407 5056 1496 5110 scribi
1514 5056 1650 5125 fecimus,
1663 5067 1694 5116 et

638 5141 766 5214 singulis
784 5139 868 5195 annis
886 5138 934 5194 die
952 5138 1162 5195 reeordationis
1180 5145 1287 5196 vestrae
1306 5137 1465 5211 relegenda
1482 5140 1674 5198 statuimus.”
