4192 6392
619 1180 682 1245 166
902 1193 1074 1242 sueretu
1095 1190 1382 1257 enurosaleusns,

468 1372 586 1467 ffluae‘
618 1370 709 1441 partis
736 1369 850 1433 merita,
876 1369 946 1441 quia
966 1370 1067 1440 J'ustus
1092 1377 1146 1434 est,
1171 1371 1254 1442 justa
1278 1368 1472 1425 retributione
1488 1371 1667 1423 remuneret.

516 1434 590 1479 ''w''
619 1455 744 1510 Causam
770 1453 915 1524 siquidem
940 1455 1115 1510 calamitatis
1144 1461 1251 1511 nostrae
1281 1459 1312 1508 et
1337 1453 1465 1508 miseriei
1494 1452 1581 1508 facila
1611 1451 1671 1506 erit

619 1538 767 1594 subtiliter
793 1538 932 1610 cogitanti
958 1539 1120 1604 advertere,
1146 1539 1171 1595 si
1197 1538 1297 1595 habita
1325 1538 1542 1610 praeteritorum
1572 1552 1669 1591 reeor-

618 1623 743 1688 datione,
774 1623 951 1679 intellexerit
976 1624 1027 1680 ubi
1052 1631 1084 1680 et
1106 1624 1221 1696 quando
1245 1629 1276 1679 et
1306 1623 1385 1694 quali
1414 1622 1604 1694 pullulaverit
1633 1637 1670 1675 ex

619 1708 727 1779 stipite.
772 1707 872 1762 Vitam
899 1713 930 1762 et
957 1707 1187 1764 incolumitatem
1208 1712 1336 1764 vestram
1362 1711 1469 1779 augeat
1491 1706 1530 1762 ed
1556 1706 1668 1762 releva·

618 1792 727 1848 tionem
745 1808 907 1863 pauperum
926 1792 1053 1848 Sacrum
1072 1794 1225 1850 miserator
1244 1799 1274 1849 et
1291 1791 1456 1848 misericors
1475 1790 1629 1847 Dominus.

468 2089 589 2134 Annas
731 2075 923 2133 CLXXXVI.
962 2076 1098 2134 Heronio
1116 2092 1213 2133 raroru
1231 2093 1265 2133 sr
1283 2093 1370 2134 scens
1388 2076 1557 2135 coarsuros

483 2139 550 2234 11118
547 2152 581 2236 is.
1019 2161 1257 2217 clusenses.

452 2314 605 2361 macescunt
653 2302 737 2360 Licet
753 2304 895 2360 malorum
914 2305 1130 2376 praeteritorum
1148 2306 1252 2361 erebra
1270 2306 1309 2361 sit
1326 2306 1404 2378 apud
1421 2323 1473 2361 uos
1491 2304 1665 2369 recordatio,

451 2367 584 2467 {nffffism
617 2405 718 2443 eorum
735 2394 834 2444 tamen
852 2407 918 2461 quse
936 2389 972 2445 do
990 2408 1067 2445 nove
1086 2391 1276 2462 superaddita
1293 2396 1362 2446 sunt
1380 2391 1499 2462 gravior
1516 2395 1547 2445 et
1563 2389 1668 2444 intole-

450 2466 571 2565 {fflffi'
615 2473 738 2528 rabilior
754 2474 872 2529 ridetur
890 2491 955 2529 esse
982 2474 1109 2530 afflietio.
1156 2474 1189 2530 Si
1207 2476 1286 2530 enim
1305 2481 1413 2531 statum
1430 2480 1564 2530 nostrum
1589 2474 1668 2529 suffi-

616 2557 727 2613 cienter
744 2558 927 2613 voluerimus
946 2557 1122 2624 describere,
1144 2559 1285 2631 quicquid
1303 2566 1386 2615 extra
1411 2559 1474 2615 sola
1498 2575 1621 2630 corpora
1637 2563 1669 2614 et

616 2643 738 2698 claustri
768 2642 895 2714 parietes
925 2643 1009 2698 nobis
1040 2644 1179 2699 relictum
1215 2649 1269 2710 est,
1301 2650 1395 2701 tetum
1425 2643 1456 2698 in
1485 2645 1541 2699 hoe
1575 2643 1667 2697 verbo

618 2726 748 2793 “nihil”
766 2729 929 2799 poterimus
947 2729 1204 2800 comprehendere.
1245 2728 1303 2783 Sed
1316 2729 1450 2800 quamvis
1461 2727 1537 2783 nihil
1548 2727 1668 2782 omnine

615 2812 817 2884 possideamus
835 2810 867 2867 in
885 2813 1108 2884 temporalibus,
1137 2812 1248 2868 crebris
1274 2820 1372 2868 tamen
1398 2813 1493 2868 adhue
1520 2818 1669 2868 tentamur

448 2888 837 2986 11111111111111111111111011111111.
875 2897 980 2969 Nuper
991 2898 1070 2952 enim
1082 2904 1248 2955 revertente
1260 2898 1378 2953 demine
1389 2914 1460 2968 rege
1472 2898 1503 2951 in
1514 2895 1666 2968 Angliam,

448 2995 515 3043 reso.)
547 2973 553 2995 ’
617 2988 722 3052 quarta
738 2981 787 3036 die
805 2988 960 3054 postquam
979 2981 1132 3053 applicuit,
1146 2982 1230 3038 misit
1247 2982 1348 3037 adnos
1361 2980 1536 3037 Gaufridum
1555 2980 1591 3035 de
1605 2980 1666 3047 Sei,

448 3055 604 3164 ffl‘ssffim
616 3065 793 3122 Gausridum
811 3067 906 3121 filium
918 3066 1010 3132 Petri,
1024 3066 1209 3122 Willelmum
1228 3066 1264 3121 de
1278 3066 1475 3138 Hcynesford,
1489 3065 1668 3136 magistrum

448 3160 578 3220 paminl
615 3149 780 3206 Osbemum
798 3150 835 3206 de
854 3151 988 3218 (lamera,
1010 3151 1191 3223 Stephanum
1217 3151 1254 3206 de
1272 3151 1436 3206 'lorasham
1454 3154 1484 3206 ct
1502 3150 1575 3205 alios
1600 3167 1668 3205 cum

445 3211 596 3308 ζ’ζῃξῗξιᾶιᾱζ
614 3235 667 3300 eis,
688 3237 739 3308 qui
757 3236 928 3292 accedentes
946 3235 1118 3292 mandatum
1136 3236 1246 3291 domini
1264 3237 1345 3308 regis
1363 3236 1394 3291 in
1411 3237 1474 3291 haee
1492 3234 1583 3290 verba
1599 3251 1668 3305 pro·

446 3312 576 3409 fflftffi
613 3327 794 3391 posuerunt:
831 3321 976 3376 “Sciatis
1013 3321 1163 3377 dominum
1194 3327 1327 3376 nostrum
1363 3339 1464 3392 rogem
1494 3319 1612 3389 anglis
1637 3319 1668 3373 in

445 3413 530 3508 11111111
530 3428 585 3510 1οῶ
615 3405 634 3513 I:
653 3409 763 3460 terram
789 3407 878 3461 istam
903 3405 1066 3472 advenisse,
1095 3406 1146 3477 qui
1172 3406 1439 3477 peregrinationem
1465 3422 1558 3468 suam,
1578 3409 1613 3458 ut
1639 3404 1668 3457 ei

445 3513 586 3561 hemma
653 3489 744 3544 moris
772 3495 826 3556 est,
856 3489 894 3544 ad
920 3492 1093 3545 memoriam
1121 3497 1288 3545 sanctorum
1315 3490 1403 3561 hujus
1430 3489 1562 3543 ecelesia
1588 3487 1668 3542 iuce-

444 3563 543 3660 1111111111
615 3575 633 3598 “
652 3574 756 3643 pissct‚
776 3575 834 3628 nisi
854 3575 923 3644 quia
942 3575 1042 3629 statim
1062 3575 1093 3629 in
1112 3575 1250 3645 ingressu
1270 3593 1322 3629 suo
1341 3575 1371 3628 in
1390 3591 1515 3644 regnum
1540 3571 1665 3637 erudivit,

537 3651 543 3670 ¹
615 3659 633 3682 ‘¹
653 3658 730 3711 unde
749 3676 806 3711 non
824 3658 920 3727 magis
940 3659 1104 3713 admiratur
1122 3676 1210 3729 quam
1228 3664 1371 3723 movetur,
1393 3658 1547 3712 ecclesiam
1564 3657 1663 3721 istam,

614 3743 632 3765 “
656 3748 744 3810 caput
762 3741 876 3796 scilicet
893 3743 979 3812 regni
998 3743 1054 3806 sui,
1082 3762 1099 3796 a
1125 3742 1234 3797 divinis
1260 3761 1383 3806 cessure,
1406 3748 1436 3797 et
1461 3741 1545 3812 quasi
1563 3747 1667 3796 contra

615 3828 632 3849 ‘⁴
653 3825 810 3879 adventum
829 3824 922 3895 ipsius
949 3845 1121 3898 suspensam
1150 3827 1251 3882 fuisse.
1297 3828 1419 3882 Mandat
1436 3845 1516 3897 ergo,
1543 3826 1608 3880 vult
1636 3833 1667 3880 ct

614 3912 632 3934 “
653 3909 781 3964 consulit
798 3926 834 3962 ne
854 3909 977 3964 ecelesia
995 3913 1122 3982 amplius
1141 3912 1172 3965 in
1191 3912 1308 3967 silentio
1325 3918 1450 3975 maneat,
1466 3911 1517 3966 sed
1535 3916 1569 3964 ut
1585 3910 1617 3964 in
1630 3928 1666 3964 ea

444 3985 592 4032 mmmmm·
614 3998 632 4018 “
653 3994 753 4048 diviua
780 3991 973 4050 celebrentur.
1019 3997 1059 4050 Et
1088 4003 1130 4062 tu,
1159 3997 1305 4068 supprior,
1335 3998 1375 4052 sis
1401 4014 1498 4052 coram
1526 4013 1560 4050 eo
1586 3995 1665 4066 apud

444 4048 497 4078 mon
508 4038 548 4081 the

442 4087 558 4139 subprior
614 4081 632 4104 ‘⁶
652 4078 839 4133 Ncrhamtun
865 4097 932 4134 cum
952 4079 1129 4151 quibusdam
1156 4081 1192 4135 de
1219 4082 1370 4146 fratribus,
1396 4088 1427 4137 et
1452 4080 1576 4136 maxime
1601 4080 1665 4133 illis

441 4138 574 4233 lgm?
614 4166 632 4188 “
652 4163 766 4218 (luobus
786 4163 836 4234 qui
854 4165 938 4220 missi
956 4165 1074 4219 fuerant
1091 4164 1127 4219 ad
1153 4161 1403 4238 archiepiscopum
1422 4166 1608 4236 Wingeham,
1635 4170 1666 4219 et

443 4246 547 4290 amatos.
614 4252 631 4273 “
652 4248 798 4303 Robertus
817 4250 940 4304 sacrista
959 4255 988 4304 et
1006 4250 1068 4313 elii,
1086 4255 1119 4304 ut
1147 4247 1212 4305 sitis
1239 4250 1281 4304 ibi
1308 4252 1409 4306 decem
1436 4250 1483 4305 vel
1509 4247 1664 4304 duodecim

443 4338 492 4380 11111
501 4341 584 4382 monis
612 4337 631 4358 “
651 4351 718 4387 eum
737 4350 880 4388 consensu
899 4332 1051 4405 capituii.”
1089 4332 1136 4388 Ad
1154 4334 1216 4389 lnce
1235 4335 1448 4405 respondimus,
1469 4333 1546 4404 quod
1570 4333 1663 4387 domi·

442 4390 591 4492 {fisslvcfflss'ssfot
609 4436 664 4472 nus
689 4415 926 4490 archiepiscopus
952 4417 1147 4489 suppriorem,
1176 4426 1206 4473 et
1236 4437 1336 4474 omues
1360 4419 1387 4473 ei
1412 4420 1442 4473 in
1473 4417 1663 4490 suspensione

441 4491 596 4586 fflffinlfl
609 4503 740 4557 ecclesiae
760 4503 984 4567 eonsentientes,
1004 4521 1057 4574 par
1077 4509 1168 4557 tetam
1188 4504 1369 4574 proxinciam
1385 4503 1456 4558 fecit
1468 4503 1664 4557 exeommuni-

441 4593 585 4654 muniqatee:
608 4587 690 4653 eari;
715 4605 769 4641 noe
788 4606 840 4642 nos
860 4588 1044 4658 aliquatenus
1067 4587 1102 4641 de
1122 4587 1245 4642 ecelesia
1258 4588 1521 4643 excommunicatos
1539 4587 1664 4643 debeant

439 4642 544 4743 3111111111
607 4671 683 4725 velle
696 4673 807 4743 egredi,
818 4672 864 4725 vel
877 4673 951 4726 tales
965 4673 992 4724 iu
1007 4680 1164 4742 conspectu
1176 4672 1325 4743 principis,
1336 4673 1417 4737 cleri,
1429 4673 1565 4743 etpopnli
1575 4690 1662 4743 appa·

439 4748 594 4841 {fflgffinlcsn
607 4775 681 4821 rere,
702 4757 913 4810 mariniacum
933 4776 966 4809 ei·
988 4756 1161 4811 inhibitione
1181 4758 1393 4828 archiepiscopi
1414 4759 1552 4827 pacificus
1579 4758 1663 4812 nobis

439 4831 593 4893 1111111111
605 4859 663 4895 nen
682 4849 761 4895 esset
779 4860 933 4912 egressus;
955 4842 1006 4895 sed
1024 4859 1095 4911 pace
1115 4842 1198 4897 nobis
1212 4842 1335 4908 reddita,
1357 4848 1387 4897 et
1403 4843 1548 4897 sententia
1566 4842 1597 4895 in
1609 4860 1662 4896 nos

605 4926 666 4980 lata
691 4943 748 4980 non
774 4932 874 4979 tenere
904 4925 1089 4989 denunciata,
1109 4926 1180 4980 licet
1210 4927 1236 4980 ei
1265 4926 1376 4981 nullum
1396 4927 1426 4980 in
1447 4946 1499 4981 nos
1517 4926 1570 4981 lite
1592 4945 1662 4997 pen-

605 5011 690 5065 dente
712 5008 800 5064 liceat
821 5013 898 5063 serre
918 5009 1102 5074 sententiam,
1117 5020 1151 5065 ut
1169 5019 1315 5083 praecepto
1333 5018 1415 5083 patet
1426 5011 1594 5083 apostolice,
1608 5030 1662 5068 nos

605 5094 642 5149 ad
665 5093 815 5151 domiuum
834 5102 966 5150 nostrum
985 5111 1086 5165 regem
1105 5101 1221 5166 paratos
1246 5115 1311 5152 esse
1335 5096 1445 5152 venire.
1491 5096 1543 5151 Illi
1562 5102 1662 5154 autem
