4192 6392
636 1185 699 1249 132
919 1201 1091 1250 aersroan
1112 1200 1400 1264 clarumrmvses,

487 1374 543 1469 2⁴¹1)-
551 1377 609 1419 118&
634 1374 761 1445 cognito,
772 1372 876 1444 januas
894 1381 1008 1431 nostras
1026 1374 1226 1431 obseravimus
1244 1375 1305 1430 eis:
1328 1392 1363 1429 ex
1380 1380 1463 1447 parte
1476 1374 1532 1430 Dei
1544 1378 1575 1430 et
1585 1377 1688 1429 vestra

498 1436 603 1532 fgffl
634 1459 882 1529 appellaveramus
907 1459 1081 1524 inhibentes,
1101 1458 1271 1530 adjicientes
1292 1477 1345 1514 nos
1371 1458 1409 1514 ad
1434 1465 1563 1515 vestam
1585 1457 1688 1530 appel-

467 1552 594 1598 Waeloead
633 1542 711 1597 lasse
737 1543 929 1610 sanctitatem,
957 1545 1086 1615 priorem
1116 1548 1248 1599 nostrum
1274 1562 1343 1599 cum
1366 1544 1506 1600 fratribus
1533 1543 1565 1598 in
1586 1560 1686 1598 causes

467 1603 588 1708 {ffi‘g’
634 1633 741 1683 nostre
759 1628 928 1684 executione
945 1634 1053 1684 vestrm
1071 1627 1209 1684 assistere
1232 1628 1405 1699 praesentiae.
1442 1628 1495 1683 Illi
1518 1633 1617 1683 autem
1640 1627 1686 1682 in-

466 1703 569 1808 }‘ffih
582 1757 624 1801 tho
633 1711 806 1767 hibitionem
822 1718 952 1768 nostram
970 1717 1001 1768 et
1012 1712 1069 1768 Dei
1081 1718 1112 1767 et
1122 1717 1251 1768 vestram
1262 1717 1467 1784 postponentes
1477 1710 1685 1776 reverentiam,

465 1805 581 1857 'mane
635 1813 720 1851 muro
747 1795 837 1851 cuna
861 1803 969 1852 nostrae
997 1797 1145 1868 perforato
1174 1800 1205 1851 et
1233 1795 1331 1851 diruto
1361 1797 1540 1868 irruperunt,
1568 1795 1685 1867 januas,

466 1857 593 1952 ffl‘m
635 1896 715 1934 seras
733 1885 764 1936 et
788 1880 863 1935 ostia
885 1880 953 1934 hine
977 1879 1045 1934 inde
1063 1879 1290 1950 confringentes,
1310 1879 1439 1935 officinas
1457 1885 1571 1935 nostras
1588 1896 1687 1950 usque

633 1962 671 2018 ad
700 1964 860 2019 claustrum
885 1981 985 2019 omnes
1014 1969 1238 2035 occupaverunt,
1264 1980 1356 2034 equos
1385 1970 1416 2019 et
1444 1964 1503 2018 alia
1531 1980 1596 2034 quse
1627 1962 1687 2018 sibi

489 2050 603 2105 amre)
633 2047 798 2102 necessaria
807 2046 982 2102 videbantur
999 2046 1180 2118 diripientes.
1218 2046 1438 2104 blodemautem
1457 2048 1514 2114 die,
1527 2050 1687 2118 antequam

467 2100 616 2205 &mut
633 2131 695 2185 hare
725 2130 837 2195 fierent,
868 2130 938 2186 dum
968 2130 1103 2186 dominus
1133 2131 1368 2202 archiepiscopus
1397 2130 1526 2188 nondum
1554 2130 1688 2185 venisset

466 2204 606 2299 ξζὲἂξξῖξζ
634 2213 830 2279 Cantuariam,
851 2214 924 2269 duos
948 2213 985 2269 de
1008 2214 1150 2270 iratribus
1174 2215 1284 2270 nostris
1308 2214 1345 2269 ad
1370 2215 1468 2285 ipsum
1485 2215 1621 2270 misimus
1638 2231 1687 2267 re-

465 2303 605 2359 uenenum
633 2299 803 2370 quisituros,
817 2299 873 2362 an,¹
889 2298 974 2369 juxta
991 2298 1070 2370 quod
1084 2299 1174 2354 moris
1193 2299 1420 2369 archiepiscopis
1433 2298 1469 2354 de
1481 2297 1687 2354 transmarinis

465 2365 617 2455 ddffiha
632 2382 826 2447 venientibus,
850 2382 974 2437 solemni
994 2382 1087 2438 vellet
1113 2381 1225 2454 s'uscipi
1246 2384 1443 2453 processione.
1488 2381 1600 2450 Quibus
1620 2381 1684 2445 ille,

464 2453 584 2559 ffiffly
632 2471 788 2537 antequam
805 2466 899 2536 ipsius
918 2472 1092 2537 apparerent
1109 2466 1287 2537 conspectui,
1308 2466 1456 2521 mandavit
1474 2465 1552 2537 quod
1568 2483 1686 2521 excom·

465 2566 525 2599 wera
533 2569 621 2601 excom·
631 2550 770 2605 manicati
797 2555 888 2613 erant,
908 2567 976 2604 cum
1003 2556 1100 2605 tamen
1124 2550 1287 2605 indulserat
1310 2550 1393 2605 nobis
1412 2549 1569 2622 praedictus
1588 2550 1687 2605 felicis

428 2607 604 2719 sffinfffl'
631 2634 779 2688 memorias
805 2633 1004 2705 praedecessor
1027 2639 1135 2699 vester,
1156 2633 1235 2704 quod
1252 2652 1310 2689 non
1327 2634 1415 2689 liceat
1433 2633 1572 2706 praedicto
1589 2634 1687 2688 archi·

463 2706 605 2802 ffl‘fflm
630 2718 776 2790 episcopo,
796 2717 849 2773 lite
875 2718 1030 2789 pendente,
1051 2717 1082 2771 in
1107 2735 1273 2788 quenquam
1300 2724 1433 2772 nostrum
1454 2718 1687 2773 exeommunica-

631 2802 719 2857 tionis
749 2802 798 2858 vel
829 2802 1030 2874 suspensionis
1063 2802 1235 2856 sententiam
1267 2802 1465 2873 promulgare.
1515 2800 1600 2869 Quod
1630 2803 1689 2857 etsi

629 2903 687 2940 non
704 2891 791 2950 esset,
805 2884 842 2940 ad
859 2886 992 2956 ipsorum
1010 2887 1136 2940 fratrum
1153 2886 1363 2955 protectionem
1382 2884 1531 2941 suffecisse
1544 2883 1689 2941 debuerat

629 2970 802 3040 interposita
818 2969 856 3024 ad
873 2969 1056 3040 majestatem
1080 2974 1209 3024 vestram
1234 2970 1399 3040 appellatio.
1434 2969 1567 3024 Ulterius
1584 2975 1686 3024 autem

630 3053 771 3109 adversus
806 3053 899 3109 dictos
930 3053 1036 3108 fratres
1067 3058 1207 3125 concepta
1236 3053 1346 3108 domini
1376 3053 1588 3125 archiepiscopi
1617 3071 1687 3125 pro·

629 3137 719 3193 cessit
735 3137 909 3208 indignatis,
930 3142 960 3191 et
978 3137 1057 3208 quod
1075 3135 1178 3191 auditu
1199 3154 1315 3207 quoque
1339 3135 1494 3207 iudignum
1517 3143 1571 3200 est,
1591 3137 1685 3209 ipsos,

629 3223 713 3292 equis
732 3239 821 3294 super
839 3239 912 3292 quos
930 3227 1071 3277 venerant
1089 3221 1204 3286 ablatis,
1224 3221 1298 3292 pede
1317 3221 1354 3275 ad
1371 3239 1424 3276 nos
1442 3238 1537 3292 usque
1557 3221 1686 3277 remisit.

462 3306 597 3361 theurgia
632 3304 773 3377 Sequenti
791 3323 863 3362 vero
879 3311 975 3370 nocte,
1001 3304 1115 3376 repleta
1138 3311 1184 3360 est
1206 3306 1289 3360 curia
1311 3311 1411 3360 nostra
1434 3305 1564 3370 armatis,
1583 3312 1686 3376 portas

462 3358 599 3461 232⁰?
631 3395 661 3445 et
685 3390 761 3445 ostia
786 3390 1014 3460 circumquaque
1041 3389 1200 3459 diligenter
1226 3388 1457 3454 observantibus,
1476 3406 1512 3443 ne
1540 3389 1588 3443 cui
1618 3407 1687 3445 nos-

460 3461 613 3555 ‘t'ffluss'ffie'g
629 3479 708 3528 trum
726 3473 929 3544 aliquomodo
954 3478 1069 3545 pateret
1093 3473 1198 3538 esitus,
1219 3491 1253 3528 ea
1278 3473 1391 3528 seilicet
1414 3479 1448 3527 ut
1465 3472 1573 3528 dicitur
1590 3474 1688 3528 inten-

629 3558 717 3621 tione,
728 3564 762 3613 ut
770 3576 835 3627 quoe
848 3558 959 3612 faciunt
971 3558 1109 3620 enormia,
1121 3563 1249 3612 vestram
1261 3557 1375 3628 possint
1386 3557 1478 3611 latere
1491 3557 1684 3612 sanctitatem.

629 3640 688 3695 Sed
706 3647 736 3696 ct
753 3641 811 3711 ipsi
831 3642 992 3695 servientes
1011 3641 1105 3695 nostri
1123 3641 1210 3695 tactis
1224 3641 1415 3695 sacrosanctis
1425 3641 1526 3710 jurare
1539 3642 1684 3712 compulsi

629 3730 706 3787 sunt,
727 3725 805 3795 quod
830 3725 855 3778 si
878 3725 945 3795 quis
970 3742 1072 3778 eorum
1098 3725 1260 3794 quemlibet
1282 3731 1415 3779 nostrum
1434 3732 1587 3780 exeuntem
1605 3744 1684 3780 com-

627 3809 747 3879 pererit,
776 3809 873 3879 ipsum
900 3808 1050 3878 impediet,
1080 3814 1110 3863 et
1136 3827 1223 3878 quam
1253 3809 1340 3863 citius
1363 3811 1480 3879 poterit,
1510 3810 1684 3865 officialibus

628 3892 738 3946 domini
766 3892 979 3962 archiepiscopi
1007 3910 1070 3945 rem
1097 3892 1246 3947 indicabit.
1284 3893 1356 3947 Haec
1387 3892 1461 3957 ideo,
1489 3899 1572 3963 pater
1599 3912 1683 3949 sanc·

627 3977 750 4038 tissime,
779 3975 925 4046 majestati
951 3983 1057 4031 vestrae
1085 3978 1302 4039 innotescimus,
1329 3983 1363 4031 ut
1385 3977 1468 4031 nobis
1499 3979 1591 4032 servis
1620 3981 1684 4034 suis

628 4065 688 4114 tarn
713 4060 887 4115 miserrimis
916 4060 1013 4114 sinum
1040 4060 1249 4116 misericordiae
1276 4068 1376 4115 vestra
1402 4061 1540 4132 dignetur
1567 4064 1683 4133 aperire

628 4143 838 4207 misericordia,
858 4149 889 4198 et
917 4144 1071 4198 ecclesiam
1097 4144 1346 4208 cantuariensem,
1364 4144 1425 4214 jam
1453 4152 1487 4200 ut
1512 4146 1629 4200 videtur
1651 4148 1684 4202 in

627 4228 765 4281 extremis
784 4233 928 4298 agentem,
949 4235 1070 4297 paterna
1095 4228 1220 4282 celerius
1244 4227 1424 4299 benignitate
1448 4229 1603 4298 respicere.
1642 4231 1683 4285 Et

627 4312 746 4382 quidem
763 4317 848 4365 nocte
866 4311 931 4382 ipsa
949 4329 1007 4382 qua
1024 4311 1087 4366 haec
1106 4312 1215 4382 scripta
1227 4318 1304 4376 sunt,
1318 4311 1431 4366 obsessi
1441 4312 1681 4384 circumquaque,

627 4402 657 4451 et
684 4395 756 4467 quid
774 4395 810 4449 de
828 4395 912 4450 nobis
931 4396 962 4448 in
980 4396 1108 4450 crastino
1127 4396 1259 4450 futurum
1278 4401 1356 4449 esset
1374 4395 1487 4459 incerti,
1507 4395 1538 4449 in
1555 4414 1683 4452 moerore

626 4481 859 4552 expectabamus,
887 4481 1015 4535 oratione
1051 4480 1208 4535 clamantes
1239 4480 1276 4534 ad
1300 4480 1468 4535 Dominum.
1514 4479 1621 4536 Valeat
1651 4484 1683 4537 in

625 4572 758 4636 tempora
776 4565 910 4636 longiora
927 4565 1067 4620 sanctitas
1085 4572 1192 4630 vestra,
1213 4571 1296 4635 pater
1313 4566 1565 4620 reverendissime.

474 4757 594 4860 lig-iffi.
750 4751 872 4808 CLVII.
910 4751 1045 4805 Hernico
1063 4765 1131 4804 naor
1151 4750 1319 4806 Conversus
1338 4750 1560 4806 Ommmmusr.

502 4862 571 4904 1417.
659 4858 707 4912 Ad
725 4859 837 4929 regiam
862 4859 1008 4929 principue
1036 4864 1148 4928 spectat
1166 4857 1376 4929 benignitatem
1396 4859 1503 4928 injuste
1522 4877 1679 4929 oppressos

457 4920 612 5023 ffiffignt
624 4943 852 4997 misericorditer
864 4942 999 4995 liberare.
1020 4942 1079 4995 Pro
1087 4943 1141 4996 hoc
1150 4943 1228 4996 enim
1240 4943 1365 4996 maxime
1375 4943 1605 5008 commendatur,
1616 4945 1681 5000 Deo

457 5027 482 5066 to
490 5022 532 5067 tha
540 5024 602 5076 king,

1043 5116 1052 5149 ¹
1069 5118 1115 5183 aa]
1135 5119 1175 5181 ad,
1186 5118 1244 5170 MS.
