<?xml version="1.0" encoding="UTF-8"?>
<!DOCTYPE html PUBLIC "-//W3C//DTD XHTML 1.0 Transitional//EN"
    "http://www.w3.org/TR/xhtml1/DTD/xhtml1-transitional.dtd">
<html xmlns="http://www.w3.org/1999/xhtml" xml:lang="en" lang="en">
 <head>
  <title>
</title>
<meta http-equiv="Content-Type" content="text/html;charset=utf-8" />
  <meta name='ocr-system' content='tesseract 3.04.00' />
  <meta name='ocr-capabilities' content='ocr_page ocr_carea ocr_par ocr_line ocrx_word'/>
</head>
<body>
  <div class='ocr_page' id='page_1' title='image "./epistolaecantua00stubgoog_0246.png"; bbox 0 0 4192 6392; ppageno 0'>
   <div class='ocr_carea' id='block_1_1' title="bbox 640 1160 1404 1233">
    <p class='ocr_par' dir='ltr' id='par_1_1' title="bbox 640 1160 1404 1233">
     <span class='ocr_line' id='line_1_1' title="bbox 640 1160 1404 1233; baseline -0.004 -9"><span class='ocrx_word' id='word_1_1' title='bbox 640 1160 683 1224; x_wconf 77' lang='lat'><strong>44</strong></span> <span class='ocrx_word' id='word_1_2' title='bbox 923 1172 1095 1227; x_wconf 73' lang='lat' dir='ltr'><strong>erismae</strong></span> <span class='ocrx_word' id='word_1_3' title='bbox 1116 1170 1404 1233; x_wconf 78' lang='lat' dir='ltr'><strong>osurvsmansns,</strong></span> 
     </span>
    </p>
   </div>
   <div class='ocr_carea' id='block_1_2' title="bbox 490 1343 1696 1623">
    <p class='ocr_par' dir='ltr' id='par_1_2' title="bbox 490 1343 1696 1623">
     <span class='ocr_line' id='line_1_2' title="bbox 490 1343 1696 1417; baseline 0.003 -17"><span class='ocrx_word' id='word_1_4' title='bbox 490 1354 612 1404; x_wconf 72' lang='lat' dir='ltr'><strong>hullat-</strong></span> <span class='ocrx_word' id='word_1_5' title='bbox 639 1346 808 1404; x_wconf 84' lang='lat' dir='ltr'><strong>indeficiens</strong></span> <span class='ocrx_word' id='word_1_6' title='bbox 828 1345 977 1417; x_wconf 75' lang='lat' dir='ltr'><strong>consequi,</strong></span> <span class='ocrx_word' id='word_1_7' title='bbox 997 1350 1028 1402; x_wconf 90' lang='lat' dir='ltr'><strong>et</strong></span> <span class='ocrx_word' id='word_1_8' title='bbox 1045 1344 1205 1402; x_wconf 90' lang='lat' dir='ltr'><strong>eorundem</strong></span> <span class='ocrx_word' id='word_1_9' title='bbox 1220 1345 1346 1401; x_wconf 88' lang='lat' dir='ltr'><strong>fratrum</strong></span> <span class='ocrx_word' id='word_1_10' title='bbox 1364 1343 1492 1402; x_wconf 90' lang='lat' dir='ltr'><strong>assiduis</strong></span> <span class='ocrx_word' id='word_1_11' title='bbox 1510 1344 1696 1404; x_wconf 85' lang='lat' dir='ltr'><strong>orationibus</strong></span> 
     </span>
     <span class='ocr_line' id='line_1_3' title="bbox 639 1432 785 1504; baseline -0.014 -16"><span class='ocrx_word' id='word_1_12' title='bbox 639 1432 785 1504; x_wconf 86' lang='lat' dir='ltr'><strong>adjuvari.</strong></span> 
     </span>
     <span class='ocr_line' id='line_1_4' title="bbox 657 1550 1680 1623; baseline -0.003 -14"><span class='ocrx_word' id='word_1_13' title='bbox 657 1554 697 1609; x_wconf 80' lang='lat' dir='ltr'><strong>Ia</strong></span> <span class='ocrx_word' id='word_1_14' title='bbox 708 1552 826 1608; x_wconf 71' lang='lat' dir='ltr'><strong>eandm</strong></span> <span class='ocrx_word' id='word_1_15' title='bbox 838 1553 902 1623; x_wconf 82' lang='lat' dir='ltr'><strong>sero</strong></span> <span class='ocrx_word' id='word_1_16' title='bbox 919 1551 1034 1610; x_wconf 65' lang='lat' dir='ltr'><strong>medem</strong></span> <span class='ocrx_word' id='word_1_17' title='bbox 1051 1550 1177 1608; x_wconf 77' lang='lat' dir='ltr'><strong>Ricardo</strong></span> <span class='ocrx_word' id='word_1_18' title='bbox 1195 1550 1286 1609; x_wconf 77' lang='lat' dir='ltr'><strong>nobili</strong></span> <span class='ocrx_word' id='word_1_19' title='bbox 1307 1551 1370 1607; x_wconf 80' lang='lat' dir='ltr'><strong>ciro</strong></span> <span class='ocrx_word' id='word_1_20' title='bbox 1393 1550 1559 1608; x_wconf 80' lang='lat' dir='ltr'><strong>Pictoreasi</strong></span> <span class='ocrx_word' id='word_1_21' title='bbox 1575 1550 1680 1609; x_wconf 73' lang='lat' dir='ltr'><strong>metiti.</strong></span> 
     </span>
    </p>
   </div>
   <div class='ocr_carea' id='block_1_3' title="bbox 490 1745 1548 1858">
    <p class='ocr_par' dir='ltr' id='par_1_3' title="bbox 490 1745 1548 1858">
     <span class='ocr_line' id='line_1_5' title="bbox 490 1745 1548 1858; baseline -0.007 -51"><span class='ocrx_word' id='word_1_22' title='bbox 490 1762 611 1858; x_wconf 54' lang='lat' dir='ltr'><strong>suffla</strong></span> <span class='ocrx_word' id='word_1_23' title='bbox 783 1747 845 1803; x_wconf 86' lang='lat' dir='ltr'><strong>LV.</strong></span> <span class='ocrx_word' id='word_1_24' title='bbox 883 1746 1005 1803; x_wconf 80' lang='lat' dir='ltr'><strong>Unasso</strong></span> <span class='ocrx_word' id='word_1_25' title='bbox 1023 1761 1101 1801; x_wconf 80' lang='lat' dir='ltr'><strong>rsrs</strong></span> <span class='ocrx_word' id='word_1_26' title='bbox 1120 1745 1291 1803; x_wconf 76' lang='lat' dir='ltr'><strong>conversos</strong></span> <span class='ocrx_word' id='word_1_27' title='bbox 1308 1745 1548 1802; x_wconf 72' lang='lat' dir='ltr'><strong>Ommshmssrs.</strong></span> 
     </span>
    </p>
   </div>
   <div class='ocr_carea' id='block_1_4' title="bbox 471 1874 1695 1949">
    <p class='ocr_par' dir='ltr' id='par_1_4' title="bbox 471 1874 1695 1949">
     <span class='ocr_line' id='line_1_6' title="bbox 471 1874 1695 1949; baseline -0.002 -16"><span class='ocrx_word' id='word_1_28' title='bbox 471 1887 629 1933; x_wconf 60' lang='lat' dir='ltr'><strong>cremarent</strong></span> <span class='ocrx_word' id='word_1_29' title='bbox 675 1876 783 1949; x_wconf 82' lang='lat' dir='ltr'><strong>Apices</strong></span> <span class='ocrx_word' id='word_1_30' title='bbox 811 1875 974 1933; x_wconf 72' lang='lat' dir='ltr'><strong>sanctitatis</strong></span> <span class='ocrx_word' id='word_1_31' title='bbox 995 1880 1103 1931; x_wconf 74' lang='lat' dir='ltr'><strong>vestra</strong></span> <span class='ocrx_word' id='word_1_32' title='bbox 1130 1875 1247 1931; x_wconf 89' lang='lat' dir='ltr'><strong>domino</strong></span> <span class='ocrx_word' id='word_1_33' title='bbox 1271 1881 1302 1931; x_wconf 91' lang='lat' dir='ltr'><strong>et</strong></span> <span class='ocrx_word' id='word_1_34' title='bbox 1328 1876 1405 1947; x_wconf 92' lang='lat' dir='ltr'><strong>patri</strong></span> <span class='ocrx_word' id='word_1_35' title='bbox 1428 1880 1529 1932; x_wconf 89' lang='lat' dir='ltr'><strong>nostro</strong></span> <span class='ocrx_word' id='word_1_36' title='bbox 1550 1874 1695 1948; x_wconf 87' lang='lat' dir='ltr'><strong>archiepi-</strong></span> 
     </span>
    </p>
   </div>
   <div class='ocr_carea' id='block_1_5' title="bbox 469 1937 1694 2033">
    <p class='ocr_par' dir='ltr' id='par_1_5' title="bbox 469 1937 1694 2033">
     <span class='ocr_line' id='line_1_7' title="bbox 469 1937 1694 2033; baseline -0.003 -13"><span class='ocrx_word' id='word_1_37' title='bbox 469 1937 587 2033; x_wconf 53' lang='lat' dir='ltr'><strong>,hfflss</strong></span> <span class='ocrx_word' id='word_1_38' title='bbox 641 1978 728 2032; x_wconf 90' lang='lat' dir='ltr'><strong>scopo</strong></span> <span class='ocrx_word' id='word_1_39' title='bbox 758 1961 952 2032; x_wconf 82' lang='lat' dir='ltr'><strong>porreximus.</strong></span> <span class='ocrx_word' id='word_1_40' title='bbox 999 1959 1036 2014; x_wconf 94' lang='lat' dir='ltr'><strong>In</strong></span> <span class='ocrx_word' id='word_1_41' title='bbox 1062 1959 1170 2031; x_wconf 87' lang='lat' dir='ltr'><strong>quibus</strong></span> <span class='ocrx_word' id='word_1_42' title='bbox 1195 1960 1232 2015; x_wconf 91' lang='lat' dir='ltr'><strong>de</strong></span> <span class='ocrx_word' id='word_1_43' title='bbox 1259 1960 1380 2015; x_wconf 78' lang='lat' dir='ltr'><strong>consilio</strong></span> <span class='ocrx_word' id='word_1_44' title='bbox 1406 1959 1533 2016; x_wconf 76' lang='lat' dir='ltr'><strong>fratrum</strong></span> <span class='ocrx_word' id='word_1_45' title='bbox 1558 1959 1694 2016; x_wconf 88' lang='lat' dir='ltr'><strong>districte</strong></span> 
     </span>
    </p>
   </div>
   <div class='ocr_carea' id='block_1_6' title="bbox 471 2039 1696 2381">
    <p class='ocr_par' dir='ltr' id='par_1_6' title="bbox 471 2039 1696 2381">
     <span class='ocr_line' id='line_1_8' title="bbox 473 2039 1695 2133; baseline -0.005 -29"><span class='ocrx_word' id='word_1_46' title='bbox 473 2039 599 2133; x_wconf 45' lang='lat' dir='ltr'><strong>mewa</strong></span> <span class='ocrx_word' id='word_1_47' title='bbox 640 2044 832 2117; x_wconf 76' lang='lat' dir='ltr'><strong>praecepistis,</strong></span> <span class='ocrx_word' id='word_1_48' title='bbox 846 2050 881 2100; x_wconf 92' lang='lat' dir='ltr'><strong>ut</strong></span> <span class='ocrx_word' id='word_1_49' title='bbox 898 2045 935 2100; x_wconf 89' lang='lat' dir='ltr'><strong>ab</strong></span> <span class='ocrx_word' id='word_1_50' title='bbox 953 2043 1035 2098; x_wconf 91' lang='lat' dir='ltr'><strong>illins</strong></span> <span class='ocrx_word' id='word_1_51' title='bbox 1053 2061 1137 2098; x_wconf 86' lang='lat' dir='ltr'><strong>novae</strong></span> <span class='ocrx_word' id='word_1_52' title='bbox 1156 2043 1289 2099; x_wconf 86' lang='lat' dir='ltr'><strong>ecclesiae</strong></span> <span class='ocrx_word' id='word_1_53' title='bbox 1308 2043 1533 2110; x_wconf 83' lang='lat' dir='ltr'><strong>constructione,</strong></span> <span class='ocrx_word' id='word_1_54' title='bbox 1547 2061 1566 2099; x_wconf 89' lang='lat' dir='ltr'><strong>a</strong></span> <span class='ocrx_word' id='word_1_55' title='bbox 1577 2043 1695 2099; x_wconf 89' lang='lat' dir='ltr'><strong>canoni·</strong></span> 
     </span>
     <span class='ocr_line' id='line_1_9' title="bbox 471 2101 1696 2200; baseline -0.001 -15"><span class='ocrx_word' id='word_1_56' title='bbox 471 2101 613 2193; x_wconf 50' lang='lat' dir='ltr'><strong>&amp;daunai</strong></span> <span class='ocrx_word' id='word_1_57' title='bbox 639 2147 741 2185; x_wconf 92' lang='lat' dir='ltr'><strong>corum</strong></span> <span class='ocrx_word' id='word_1_58' title='bbox 758 2129 951 2192; x_wconf 89' lang='lat' dir='ltr'><strong>institutione,</strong></span> <span class='ocrx_word' id='word_1_59' title='bbox 965 2128 1157 2184; x_wconf 77' lang='lat' dir='ltr'><strong>fraternitatis</strong></span> <span class='ocrx_word' id='word_1_60' title='bbox 1176 2128 1266 2184; x_wconf 88' lang='lat' dir='ltr'><strong>etiam</strong></span> <span class='ocrx_word' id='word_1_61' title='bbox 1282 2145 1371 2199; x_wconf 88' lang='lat' dir='ltr'><strong>quam</strong></span> <span class='ocrx_word' id='word_1_62' title='bbox 1388 2127 1478 2200; x_wconf 90' lang='lat' dir='ltr'><strong>hujus</strong></span> <span class='ocrx_word' id='word_1_63' title='bbox 1496 2127 1592 2199; x_wconf 88' lang='lat' dir='ltr'><strong>operis</strong></span> <span class='ocrx_word' id='word_1_64' title='bbox 1604 2144 1696 2184; x_wconf 88' lang='lat' dir='ltr'><strong>causa</strong></span> 
     </span>
     <span class='ocr_line' id='line_1_10' title="bbox 473 2190 1694 2283; baseline -0.004 -11"><span class='ocrx_word' id='word_1_65' title='bbox 473 2190 598 2243; x_wconf 46' lang='lat' dir='ltr'><strong>amm·</strong></span> <span class='ocrx_word' id='word_1_66' title='bbox 639 2213 769 2268; x_wconf 91' lang='lat' dir='ltr'><strong>instituit</strong></span> <span class='ocrx_word' id='word_1_67' title='bbox 796 2212 945 2267; x_wconf 79' lang='lat' dir='ltr'><strong>exactione</strong></span> <span class='ocrx_word' id='word_1_68' title='bbox 972 2216 1111 2275; x_wconf 89' lang='lat' dir='ltr'><strong>cessaret,</strong></span> <span class='ocrx_word' id='word_1_69' title='bbox 1132 2210 1223 2266; x_wconf 93' lang='lat' dir='ltr'><strong>donec</strong></span> <span class='ocrx_word' id='word_1_70' title='bbox 1249 2211 1321 2282; x_wconf 91' lang='lat' dir='ltr'><strong>quid</strong></span> <span class='ocrx_word' id='word_1_71' title='bbox 1347 2211 1385 2266; x_wconf 93' lang='lat' dir='ltr'><strong>de</strong></span> <span class='ocrx_word' id='word_1_72' title='bbox 1403 2212 1468 2283; x_wconf 91' lang='lat' dir='ltr'><strong>ipso</strong></span> <span class='ocrx_word' id='word_1_73' title='bbox 1486 2211 1610 2267; x_wconf 82' lang='lat' dir='ltr'><strong>aedificio</strong></span> <span class='ocrx_word' id='word_1_74' title='bbox 1627 2211 1694 2268; x_wconf 85' lang='lat' dir='ltr'><strong>fieri</strong></span> 
     </span>
     <span class='ocr_line' id='line_1_11' title="bbox 471 2275 1694 2381; baseline -0.003 -26"><span class='ocrx_word' id='word_1_75' title='bbox 471 2275 622 2381; x_wconf 54' lang='lat' dir='ltr'><strong>ffihn</strong></span> <span class='ocrx_word' id='word_1_76' title='bbox 640 2297 760 2352; x_wconf 88' lang='lat' dir='ltr'><strong>deberet</strong></span> <span class='ocrx_word' id='word_1_77' title='bbox 772 2295 929 2351; x_wconf 91' lang='lat' dir='ltr'><strong>auotoritas</strong></span> <span class='ocrx_word' id='word_1_78' title='bbox 937 2301 1037 2349; x_wconf 85' lang='lat' dir='ltr'><strong>vestre</strong></span> <span class='ocrx_word' id='word_1_79' title='bbox 1049 2300 1200 2349; x_wconf 88' lang='lat' dir='ltr'><strong>statueret.</strong></span> <span class='ocrx_word' id='word_1_80' title='bbox 1224 2293 1437 2350; x_wconf 89' lang='lat' dir='ltr'><strong>Verumtamen</strong></span> <span class='ocrx_word' id='word_1_81' title='bbox 1449 2295 1520 2366; x_wconf 91' lang='lat' dir='ltr'><strong>quia</strong></span> <span class='ocrx_word' id='word_1_82' title='bbox 1531 2312 1550 2350; x_wconf 90' lang='lat' dir='ltr'><strong>a</strong></span> <span class='ocrx_word' id='word_1_83' title='bbox 1560 2300 1694 2367; x_wconf 79' lang='lat' dir='ltr'><strong>tempore</strong></span> 
     </span>
    </p>
   </div>
   <div class='ocr_carea' id='block_1_7' title="bbox 469 2377 1694 3124">
    <p class='ocr_par' dir='ltr' id='par_1_7' title="bbox 469 2377 1694 2957">
     <span class='ocr_line' id='line_1_12' title="bbox 470 2377 1693 2451; baseline 0 -17"><span class='ocrx_word' id='word_1_84' title='bbox 470 2379 618 2424; x_wconf 69' lang='lat' dir='ltr'><strong>¹¹⁰&#39;0h1110h</strong></span> <span class='ocrx_word' id='word_1_85' title='bbox 640 2380 692 2434; x_wconf 94' lang='lat' dir='ltr'><strong>illo</strong></span> <span class='ocrx_word' id='word_1_86' title='bbox 710 2397 783 2451; x_wconf 89' lang='lat' dir='ltr'><strong>opus</strong></span> <span class='ocrx_word' id='word_1_87' title='bbox 800 2380 900 2449; x_wconf 89' lang='lat' dir='ltr'><strong>ipsum</strong></span> <span class='ocrx_word' id='word_1_88' title='bbox 917 2378 1012 2448; x_wconf 89' lang='lat' dir='ltr'><strong>magis</strong></span> <span class='ocrx_word' id='word_1_89' title='bbox 1031 2378 1146 2433; x_wconf 90' lang='lat' dir='ltr'><strong>fervere</strong></span> <span class='ocrx_word' id='word_1_90' title='bbox 1158 2377 1297 2443; x_wconf 88' lang='lat' dir='ltr'><strong>vidimus,</strong></span> <span class='ocrx_word' id='word_1_91' title='bbox 1312 2378 1384 2434; x_wconf 90' lang='lat' dir='ltr'><strong>adeo</strong></span> <span class='ocrx_word' id='word_1_92' title='bbox 1403 2384 1437 2433; x_wconf 92' lang='lat' dir='ltr'><strong>ut</strong></span> <span class='ocrx_word' id='word_1_93' title='bbox 1454 2378 1568 2450; x_wconf 88' lang='lat' dir='ltr'><strong>capella</strong></span> <span class='ocrx_word' id='word_1_94' title='bbox 1580 2377 1693 2434; x_wconf 87' lang='lat' dir='ltr'><strong>ibidem</strong></span> 
     </span>
     <span class='ocr_line' id='line_1_13' title="bbox 471 2439 1693 2539; baseline -0.002 -15"><span class='ocrx_word' id='word_1_95' title='bbox 471 2439 610 2531; x_wconf 58' lang='lat' dir='ltr'><strong>ffiibm</strong></span> <span class='ocrx_word' id='word_1_96' title='bbox 640 2473 706 2537; x_wconf 88' lang='lat' dir='ltr'><strong>post</strong></span> <span class='ocrx_word' id='word_1_97' title='bbox 722 2465 948 2537; x_wconf 86' lang='lat' dir='ltr'><strong>prohibitionem</strong></span> <span class='ocrx_word' id='word_1_98' title='bbox 967 2471 997 2519; x_wconf 92' lang='lat' dir='ltr'><strong>et</strong></span> <span class='ocrx_word' id='word_1_99' title='bbox 1014 2465 1240 2535; x_wconf 89' lang='lat' dir='ltr'><strong>appellationem</strong></span> <span class='ocrx_word' id='word_1_100' title='bbox 1258 2472 1364 2530; x_wconf 91' lang='lat' dir='ltr'><strong>erecta,</strong></span> <span class='ocrx_word' id='word_1_101' title='bbox 1377 2466 1461 2537; x_wconf 89' lang='lat' dir='ltr'><strong>prius</strong></span> <span class='ocrx_word' id='word_1_102' title='bbox 1480 2465 1588 2538; x_wconf 88' lang='lat' dir='ltr'><strong>lignea,</strong></span> <span class='ocrx_word' id='word_1_103' title='bbox 1604 2483 1693 2539; x_wconf 88' lang='lat' dir='ltr'><strong>opere</strong></span> 
     </span>
     <span class='ocr_line' id='line_1_14' title="bbox 469 2528 1694 2624; baseline 0.002 -22"><span class='ocrx_word' id='word_1_104' title='bbox 469 2528 627 2624; x_wconf 49' lang='grc' dir='ltr'><strong>ῗῶζςζξξωῃ,</strong></span> <span class='ocrx_word' id='word_1_105' title='bbox 640 2554 776 2619; x_wconf 84' lang='lat' dir='ltr'><strong>surgeret</strong></span> <span class='ocrx_word' id='word_1_106' title='bbox 788 2549 974 2612; x_wconf 87' lang='lat' dir='ltr'><strong>cementario,</strong></span> <span class='ocrx_word' id='word_1_107' title='bbox 988 2548 1124 2604; x_wconf 90' lang='lat' dir='ltr'><strong>misimus</strong></span> <span class='ocrx_word' id='word_1_108' title='bbox 1142 2548 1180 2604; x_wconf 90' lang='lat' dir='ltr'><strong>ad</strong></span> <span class='ocrx_word' id='word_1_109' title='bbox 1191 2549 1289 2605; x_wconf 89' lang='lat' dir='ltr'><strong>locum</strong></span> <span class='ocrx_word' id='word_1_110' title='bbox 1302 2549 1339 2604; x_wconf 89' lang='lat' dir='ltr'><strong>de</strong></span> <span class='ocrx_word' id='word_1_111' title='bbox 1351 2550 1491 2605; x_wconf 88' lang='lat' dir='ltr'><strong>fratribus</strong></span> <span class='ocrx_word' id='word_1_112' title='bbox 1503 2549 1611 2605; x_wconf 74' lang='lat' dir='ltr'><strong>noshis</strong></span> <span class='ocrx_word' id='word_1_113' title='bbox 1624 2567 1694 2605; x_wconf 90' lang='lat' dir='ltr'><strong>cum</strong></span> 
     </span>
     <span class='ocr_line' id='line_1_15' title="bbox 469 2629 1693 2724; baseline 0 -36"><span class='ocrx_word' id='word_1_114' title='bbox 469 2629 606 2724; x_wconf 55' lang='lat' dir='ltr'><strong>ssffiw</strong></span> <span class='ocrx_word' id='word_1_115' title='bbox 639 2633 705 2688; x_wconf 86' lang='lat' dir='ltr'><strong>aliis</strong></span> <span class='ocrx_word' id='word_1_116' title='bbox 718 2632 830 2696; x_wconf 87' lang='lat' dir='ltr'><strong>multis,</strong></span> <span class='ocrx_word' id='word_1_117' title='bbox 846 2638 988 2705; x_wconf 84' lang='lat' dir='ltr'><strong>quatenus</strong></span> <span class='ocrx_word' id='word_1_118' title='bbox 1001 2633 1045 2687; x_wconf 92' lang='lat' dir='ltr'><strong>rei</strong></span> <span class='ocrx_word' id='word_1_119' title='bbox 1058 2633 1274 2697; x_wconf 86' lang='lat' dir='ltr'><strong>certitudinem,</strong></span> <span class='ocrx_word' id='word_1_120' title='bbox 1289 2651 1378 2705; x_wconf 89' lang='lat' dir='ltr'><strong>quam</strong></span> <span class='ocrx_word' id='word_1_121' title='bbox 1389 2651 1463 2704; x_wconf 89' lang='lat' dir='ltr'><strong>pure</strong></span> <span class='ocrx_word' id='word_1_122' title='bbox 1479 2633 1517 2689; x_wconf 91' lang='lat' dir='ltr'><strong>ad</strong></span> <span class='ocrx_word' id='word_1_123' title='bbox 1533 2633 1693 2705; x_wconf 81' lang='lat' dir='ltr'><strong>paternita-</strong></span> 
     </span>
     <span class='ocr_line' id='line_1_16' title="bbox 469 2716 1693 2789; baseline 0.002 -18"><span class='ocrx_word' id='word_1_124' title='bbox 469 2731 567 2782; x_wconf 74' lang='lat' dir='ltr'><strong>preesss</strong></span> <span class='ocrx_word' id='word_1_125' title='bbox 638 2723 699 2772; x_wconf 88' lang='lat' dir='ltr'><strong>tem</strong></span> <span class='ocrx_word' id='word_1_126' title='bbox 710 2723 839 2772; x_wconf 88' lang='lat' dir='ltr'><strong>vestram</strong></span> <span class='ocrx_word' id='word_1_127' title='bbox 857 2717 967 2771; x_wconf 89' lang='lat' dir='ltr'><strong>referre</strong></span> <span class='ocrx_word' id='word_1_128' title='bbox 980 2733 1142 2787; x_wconf 77' lang='lat' dir='ltr'><strong>possemus,</strong></span> <span class='ocrx_word' id='word_1_129' title='bbox 1157 2716 1250 2772; x_wconf 89' lang='lat' dir='ltr'><strong>oculis</strong></span> <span class='ocrx_word' id='word_1_130' title='bbox 1264 2717 1325 2772; x_wconf 87' lang='lat' dir='ltr'><strong>suis</strong></span> <span class='ocrx_word' id='word_1_131' title='bbox 1337 2717 1534 2789; x_wconf 85' lang='lat' dir='ltr'><strong>perviderent,</strong></span> <span class='ocrx_word' id='word_1_132' title='bbox 1549 2724 1580 2773; x_wconf 90' lang='lat' dir='ltr'><strong>st</strong></span> <span class='ocrx_word' id='word_1_133' title='bbox 1591 2734 1693 2789; x_wconf 87' lang='lat' dir='ltr'><strong>qnam-</strong></span> 
     </span>
     <span class='ocr_line' id='line_1_17' title="bbox 469 2780 1693 2885; baseline 0.001 -28"><span class='ocrx_word' id='word_1_134' title='bbox 469 2780 610 2885; x_wconf 51' lang='lat' dir='ltr'><strong>fflffl’</strong></span> <span class='ocrx_word' id='word_1_135' title='bbox 638 2802 685 2857; x_wconf 89' lang='lat' dir='ltr'><strong>vis</strong></span> <span class='ocrx_word' id='word_1_136' title='bbox 697 2801 792 2857; x_wconf 89' lang='lat' dir='ltr'><strong>adhuc</strong></span> <span class='ocrx_word' id='word_1_137' title='bbox 809 2800 893 2856; x_wconf 93' lang='lat' dir='ltr'><strong>nobis</strong></span> <span class='ocrx_word' id='word_1_138' title='bbox 905 2800 1003 2855; x_wconf 89' lang='lat' dir='ltr'><strong>minus</strong></span> <span class='ocrx_word' id='word_1_139' title='bbox 1021 2800 1166 2872; x_wconf 90' lang='lat' dir='ltr'><strong>profuerit</strong></span> <span class='ocrx_word' id='word_1_140' title='bbox 1183 2801 1350 2872; x_wconf 88' lang='lat' dir='ltr'><strong>appellatio,</strong></span> <span class='ocrx_word' id='word_1_141' title='bbox 1363 2801 1400 2856; x_wconf 90' lang='lat' dir='ltr'><strong>de</strong></span> <span class='ocrx_word' id='word_1_142' title='bbox 1413 2807 1582 2873; x_wconf 89' lang='lat' dir='ltr'><strong>contemptu</strong></span> <span class='ocrx_word' id='word_1_143' title='bbox 1592 2807 1693 2858; x_wconf 85' lang='lat' dir='ltr'><strong>vostro</strong></span> 
     </span>
     <span class='ocr_line' id='line_1_18' title="bbox 469 2832 1691 2957; baseline 0.002 -17"><span class='ocrx_word' id='word_1_144' title='bbox 469 2832 576 2926; x_wconf 54' lang='lat' dir='ltr'><strong>mm</strong></span> <span class='ocrx_word' id='word_1_145' title='bbox 638 2885 829 2956; x_wconf 89' lang='lat' dir='ltr'><strong>appellarent.</strong></span> <span class='ocrx_word' id='word_1_146' title='bbox 867 2883 1072 2953; x_wconf 76' lang='lat' dir='ltr'><strong>Quaerentibus</strong></span> <span class='ocrx_word' id='word_1_147' title='bbox 1090 2901 1162 2956; x_wconf 88' lang='lat' dir='ltr'><strong>ergo</strong></span> <span class='ocrx_word' id='word_1_148' title='bbox 1180 2884 1332 2951; x_wconf 89' lang='lat' dir='ltr'><strong>fratribus,</strong></span> <span class='ocrx_word' id='word_1_149' title='bbox 1347 2884 1492 2956; x_wconf 90' lang='lat' dir='ltr'><strong>quomodo</strong></span> <span class='ocrx_word' id='word_1_150' title='bbox 1503 2884 1586 2957; x_wconf 88' lang='lat' dir='ltr'><strong>operi</strong></span> <span class='ocrx_word' id='word_1_151' title='bbox 1603 2885 1691 2942; x_wconf 76' lang='lat' dir='ltr'><strong>inuis·</strong></span> 
     </span>
    </p>

    <p class='ocr_par' dir='ltr' id='par_1_8' title="bbox 639 2967 1693 3040">
     <span class='ocr_line' id='line_1_19' title="bbox 639 2967 1693 3040; baseline 0.003 -17"><span class='ocrx_word' id='word_1_152' title='bbox 639 2975 743 3033; x_wconf 89' lang='lat' dir='ltr'><strong>terent,</strong></span> <span class='ocrx_word' id='word_1_153' title='bbox 763 2986 781 3024; x_wconf 91' lang='lat' dir='ltr'><strong>a</strong></span> <span class='ocrx_word' id='word_1_154' title='bbox 804 2985 862 3038; x_wconf 90' lang='lat' dir='ltr'><strong>quo</strong></span> <span class='ocrx_word' id='word_1_155' title='bbox 880 2968 1039 3023; x_wconf 89' lang='lat' dir='ltr'><strong>auctoritas</strong></span> <span class='ocrx_word' id='word_1_156' title='bbox 1064 2967 1224 3038; x_wconf 90' lang='lat' dir='ltr'><strong>apostolica</strong></span> <span class='ocrx_word' id='word_1_157' title='bbox 1241 2968 1352 3024; x_wconf 88' lang='lat' dir='ltr'><strong>cessari</strong></span> <span class='ocrx_word' id='word_1_158' title='bbox 1371 2969 1522 3040; x_wconf 84' lang='lat' dir='ltr'><strong>jussisset,</strong></span> <span class='ocrx_word' id='word_1_159' title='bbox 1541 2968 1585 3024; x_wconf 88' lang='lat' dir='ltr'><strong>ita</strong></span> <span class='ocrx_word' id='word_1_160' title='bbox 1602 2968 1693 3026; x_wconf 85' lang='lat' dir='ltr'><strong>etiam</strong></span> 
     </span>
    </p>

    <p class='ocr_par' dir='ltr' id='par_1_9' title="bbox 638 3050 1692 3124">
     <span class='ocr_line' id='line_1_20' title="bbox 638 3050 1692 3124; baseline 0 -15"><span class='ocrx_word' id='word_1_161' title='bbox 638 3059 673 3109; x_wconf 89' lang='lat' dir='ltr'><strong>ut</strong></span> <span class='ocrx_word' id='word_1_162' title='bbox 702 3052 781 3124; x_wconf 92' lang='lat' dir='ltr'><strong>quod</strong></span> <span class='ocrx_word' id='word_1_163' title='bbox 810 3057 912 3108; x_wconf 81' lang='lat' dir='ltr'><strong>contm</strong></span> <span class='ocrx_word' id='word_1_164' title='bbox 940 3050 1168 3122; x_wconf 88' lang='lat' dir='ltr'><strong>prohibitionem</strong></span> <span class='ocrx_word' id='word_1_165' title='bbox 1195 3051 1260 3123; x_wconf 89' lang='lat' dir='ltr'><strong>ejus</strong></span> <span class='ocrx_word' id='word_1_166' title='bbox 1288 3057 1481 3109; x_wconf 84' lang='lat' dir='ltr'><strong>attentaretur</strong></span> <span class='ocrx_word' id='word_1_167' title='bbox 1511 3052 1543 3108; x_wconf 91' lang='lat' dir='ltr'><strong>in</strong></span> <span class='ocrx_word' id='word_1_168' title='bbox 1570 3052 1692 3109; x_wconf 87' lang='lat' dir='ltr'><strong>irritum</strong></span> 
     </span>
    </p>
   </div>
   <div class='ocr_carea' id='block_1_8' title="bbox 471 3125 1691 3207">
    <p class='ocr_par' dir='ltr' id='par_1_10' title="bbox 471 3125 1691 3207">
     <span class='ocr_line' id='line_1_21' title="bbox 471 3125 1691 3207; baseline 0.003 -17"><span class='ocrx_word' id='word_1_169' title='bbox 471 3125 602 3181; x_wconf 60' lang='lat' dir='ltr'><strong>menum</strong></span> <span class='ocrx_word' id='word_1_170' title='bbox 639 3143 815 3201; x_wconf 86' lang='lat' dir='ltr'><strong>revocasset,</strong></span> <span class='ocrx_word' id='word_1_171' title='bbox 834 3135 1048 3207; x_wconf 76' lang='lat' dir='ltr'><strong>responderimt</strong></span> <span class='ocrx_word' id='word_1_172' title='bbox 1065 3134 1166 3189; x_wconf 91' lang='lat' dir='ltr'><strong>clerici</strong></span> <span class='ocrx_word' id='word_1_173' title='bbox 1185 3136 1237 3206; x_wconf 90' lang='lat' dir='ltr'><strong>qni</strong></span> <span class='ocrx_word' id='word_1_174' title='bbox 1255 3135 1385 3202; x_wconf 89' lang='lat' dir='ltr'><strong>aderant,</strong></span> <span class='ocrx_word' id='word_1_175' title='bbox 1399 3153 1470 3192; x_wconf 90' lang='lat' dir='ltr'><strong>voce</strong></span> <span class='ocrx_word' id='word_1_176' title='bbox 1484 3136 1549 3206; x_wconf 85' lang='lat' dir='ltr'><strong>jam</strong></span> <span class='ocrx_word' id='word_1_177' title='bbox 1566 3141 1691 3202; x_wconf 63' lang='lat' dir='ltr'><strong>mum,</strong></span> 
     </span>
    </p>
   </div>
   <div class='ocr_carea' id='block_1_9' title="bbox 469 3184 1693 3293">
    <p class='ocr_par' dir='ltr' id='par_1_11' title="bbox 469 3184 1693 3293">
     <span class='ocr_line' id='line_1_22' title="bbox 469 3184 1693 3293; baseline -0.002 -15"><span class='ocrx_word' id='word_1_178' title='bbox 469 3184 596 3285; x_wconf 50' lang='lat' dir='ltr'><strong>2⁸th</strong></span> <span class='ocrx_word' id='word_1_179' title='bbox 640 3221 720 3293; x_wconf 88' lang='lat' dir='ltr'><strong>quod</strong></span> <span class='ocrx_word' id='word_1_180' title='bbox 742 3220 859 3276; x_wconf 88' lang='lat' dir='ltr'><strong>nomine</strong></span> <span class='ocrx_word' id='word_1_181' title='bbox 887 3218 1099 3291; x_wconf 89' lang='lat' dir='ltr'><strong>archiepiscopi</strong></span> <span class='ocrx_word' id='word_1_182' title='bbox 1124 3218 1199 3273; x_wconf 91' lang='lat' dir='ltr'><strong>nihil</strong></span> <span class='ocrx_word' id='word_1_183' title='bbox 1224 3225 1347 3291; x_wconf 87' lang='lat' dir='ltr'><strong>agerent</strong></span> <span class='ocrx_word' id='word_1_184' title='bbox 1372 3218 1425 3276; x_wconf 91' lang='lat' dir='ltr'><strong>sed</strong></span> <span class='ocrx_word' id='word_1_185' title='bbox 1448 3236 1513 3275; x_wconf 89' lang='lat' dir='ltr'><strong>sno.</strong></span> <span class='ocrx_word' id='word_1_186' title='bbox 1547 3218 1693 3276; x_wconf 84' lang='lat' dir='ltr'><strong>Dominus</strong></span> 
     </span>
    </p>
   </div>
   <div class='ocr_carea' id='block_1_10' title="bbox 470 3288 1689 3389">
    <p class='ocr_par' dir='ltr' id='par_1_12' title="bbox 470 3288 1689 3389">
     <span class='ocr_line' id='line_1_23' title="bbox 470 3288 1689 3389; baseline 0.014 -39"><span class='ocrx_word' id='word_1_187' title='bbox 470 3288 613 3389; x_wconf 42' lang='lat' dir='ltr'><strong>thoma,</strong></span> <span class='ocrx_word' id='word_1_188' title='bbox 641 3306 719 3362; x_wconf 83' lang='lat' dir='ltr'><strong>enim</strong></span> <span class='ocrx_word' id='word_1_189' title='bbox 737 3305 983 3375; x_wconf 86' lang='lat' dir='ltr'><strong>archiepiscopus,</strong></span> <span class='ocrx_word' id='word_1_190' title='bbox 1004 3309 1038 3358; x_wconf 91' lang='lat' dir='ltr'><strong>nt</strong></span> <span class='ocrx_word' id='word_1_191' title='bbox 1064 3302 1210 3367; x_wconf 89' lang='lat' dir='ltr'><strong>dicebant,</strong></span> <span class='ocrx_word' id='word_1_192' title='bbox 1231 3320 1267 3357; x_wconf 91' lang='lat' dir='ltr'><strong>ex</strong></span> <span class='ocrx_word' id='word_1_193' title='bbox 1291 3321 1349 3374; x_wconf 93' lang='lat' dir='ltr'><strong>qno</strong></span> <span class='ocrx_word' id='word_1_194' title='bbox 1369 3302 1541 3359; x_wconf 89' lang='lat' dir='ltr'><strong>mandatum</strong></span> <span class='ocrx_word' id='word_1_195' title='bbox 1567 3303 1689 3375; x_wconf 67' lang='lat' dir='ltr'><strong>accepit,</strong></span> 
     </span>
    </p>
   </div>
   <div class='ocr_carea' id='block_1_11' title="bbox 470 3386 1691 3457">
    <p class='ocr_par' dir='ltr' id='par_1_13' title="bbox 470 3386 1691 3457">
     <span class='ocr_line' id='line_1_24' title="bbox 470 3386 1691 3457; baseline 0.002 -13"><span class='ocrx_word' id='word_1_196' title='bbox 470 3387 606 3432; x_wconf 62' lang='lat' dir='ltr'><strong>¹¹⁰“fflfh0</strong></span> <span class='ocrx_word' id='word_1_197' title='bbox 640 3409 671 3446; x_wconf 88' lang='lat' dir='ltr'><strong>se</strong></span> <span class='ocrx_word' id='word_1_198' title='bbox 696 3390 863 3445; x_wconf 88' lang='lat' dir='ltr'><strong>nullatenus</strong></span> <span class='ocrx_word' id='word_1_199' title='bbox 890 3387 1059 3453; x_wconf 90' lang='lat' dir='ltr'><strong>intromisit,</strong></span> <span class='ocrx_word' id='word_1_200' title='bbox 1078 3386 1136 3457; x_wconf 89' lang='lat' dir='ltr'><strong>ipsi</strong></span> <span class='ocrx_word' id='word_1_201' title='bbox 1163 3404 1234 3441; x_wconf 90' lang='lat' dir='ltr'><strong>vero</strong></span> <span class='ocrx_word' id='word_1_202' title='bbox 1260 3387 1352 3442; x_wconf 83' lang='lat' dir='ltr'><strong>libere</strong></span> <span class='ocrx_word' id='word_1_203' title='bbox 1380 3394 1411 3442; x_wconf 88' lang='lat' dir='ltr'><strong>et</strong></span> <span class='ocrx_word' id='word_1_204' title='bbox 1435 3387 1517 3442; x_wconf 91' lang='lat' dir='ltr'><strong>licite</strong></span> <span class='ocrx_word' id='word_1_205' title='bbox 1536 3386 1691 3445; x_wconf 84' lang='lat' dir='ltr'><strong>ecclesiam</strong></span> 
     </span>
    </p>
   </div>
   <div class='ocr_carea' id='block_1_12' title="bbox 469 3434 1691 3544">
    <p class='ocr_par' dir='ltr' id='par_1_14' title="bbox 469 3434 1691 3544">
     <span class='ocr_line' id='line_1_25' title="bbox 469 3434 1691 3544; baseline -0.003 -15"><span class='ocrx_word' id='word_1_206' title='bbox 469 3434 613 3492; x_wconf 53' lang='lat' dir='ltr'><strong>mmm</strong></span> <span class='ocrx_word' id='word_1_207' title='bbox 638 3491 723 3529; x_wconf 88' lang='lat' dir='ltr'><strong>suam</strong></span> <span class='ocrx_word' id='word_1_208' title='bbox 748 3472 894 3527; x_wconf 89' lang='lat' dir='ltr'><strong>faciebant</strong></span> <span class='ocrx_word' id='word_1_209' title='bbox 920 3477 951 3525; x_wconf 91' lang='lat' dir='ltr'><strong>et</strong></span> <span class='ocrx_word' id='word_1_210' title='bbox 980 3470 1101 3525; x_wconf 87' lang='lat' dir='ltr'><strong>faciunt.</strong></span> <span class='ocrx_word' id='word_1_211' title='bbox 1146 3470 1293 3541; x_wconf 88' lang='lat' dir='ltr'><strong>Intelligit</strong></span> <span class='ocrx_word' id='word_1_212' title='bbox 1323 3470 1442 3526; x_wconf 82' lang='lat' dir='ltr'><strong>dilectio</strong></span> <span class='ocrx_word' id='word_1_213' title='bbox 1471 3477 1580 3537; x_wconf 88' lang='lat' dir='ltr'><strong>vestra,</strong></span> <span class='ocrx_word' id='word_1_214' title='bbox 1607 3476 1691 3544; x_wconf 84' lang='lat' dir='ltr'><strong>pater</strong></span> 
     </span>
    </p>
   </div>
   <div class='ocr_carea' id='block_1_13' title="bbox 463 3554 1814 5052">
    <p class='ocr_par' dir='ltr' id='par_1_15' title="bbox 463 3554 1814 5052">
     <span class='ocr_line' id='line_1_26' title="bbox 638 3554 1689 3626; baseline 0 -14"><span class='ocrx_word' id='word_1_215' title='bbox 638 3563 746 3620; x_wconf 88' lang='lat' dir='ltr'><strong>sancte,</strong></span> <span class='ocrx_word' id='word_1_216' title='bbox 760 3556 883 3610; x_wconf 89' lang='lat' dir='ltr'><strong>verbum</strong></span> <span class='ocrx_word' id='word_1_217' title='bbox 901 3555 956 3609; x_wconf 90' lang='lat' dir='ltr'><strong>hoc</strong></span> <span class='ocrx_word' id='word_1_218' title='bbox 975 3555 1013 3609; x_wconf 88' lang='lat' dir='ltr'><strong>ad</strong></span> <span class='ocrx_word' id='word_1_219' title='bbox 1030 3554 1199 3609; x_wconf 88' lang='lat' dir='ltr'><strong>elidendum</strong></span> <span class='ocrx_word' id='word_1_220' title='bbox 1218 3554 1296 3626; x_wconf 90' lang='lat' dir='ltr'><strong>quod</strong></span> <span class='ocrx_word' id='word_1_221' title='bbox 1310 3555 1471 3612; x_wconf 81' lang='lat' dir='ltr'><strong>mandastis</strong></span> <span class='ocrx_word' id='word_1_222' title='bbox 1490 3555 1689 3620; x_wconf 88' lang='lat' dir='ltr'><strong>adinventum,</strong></span> 
     </span>
     <span class='ocr_line' id='line_1_27' title="bbox 637 3639 1688 3711; baseline -0.001 -17"><span class='ocrx_word' id='word_1_223' title='bbox 637 3648 668 3694; x_wconf 92' lang='lat' dir='ltr'><strong>et</strong></span> <span class='ocrx_word' id='word_1_224' title='bbox 692 3639 888 3694; x_wconf 84' lang='lat' dir='ltr'><strong>cavillatoriae</strong></span> <span class='ocrx_word' id='word_1_225' title='bbox 919 3639 1013 3702; x_wconf 85' lang='lat' dir='ltr'><strong>nobis,</strong></span> <span class='ocrx_word' id='word_1_226' title='bbox 1040 3639 1131 3692; x_wconf 91' lang='lat' dir='ltr'><strong>immo</strong></span> <span class='ocrx_word' id='word_1_227' title='bbox 1161 3645 1192 3693; x_wconf 90' lang='lat' dir='ltr'><strong>et</strong></span> <span class='ocrx_word' id='word_1_228' title='bbox 1221 3639 1314 3703; x_wconf 87' lang='lat' dir='ltr'><strong>vobis,</strong></span> <span class='ocrx_word' id='word_1_229' title='bbox 1342 3640 1464 3711; x_wconf 91' lang='lat' dir='ltr'><strong>proponi</strong></span> <span class='ocrx_word' id='word_1_230' title='bbox 1495 3640 1688 3711; x_wconf 86' lang='lat' dir='ltr'><strong>exceptiones.</strong></span> 
     </span>
     <span class='ocr_line' id='line_1_28' title="bbox 637 3722 1689 3796; baseline 0 -17"><span class='ocrx_word' id='word_1_231' title='bbox 637 3724 746 3780; x_wconf 86' lang='lat' dir='ltr'><strong>Vestra</strong></span> <span class='ocrx_word' id='word_1_232' title='bbox 770 3723 878 3776; x_wconf 89' lang='lat' dir='ltr'><strong>etenim</strong></span> <span class='ocrx_word' id='word_1_233' title='bbox 896 3739 943 3776; x_wconf 91' lang='lat' dir='ltr'><strong>res</strong></span> <span class='ocrx_word' id='word_1_234' title='bbox 962 3723 1072 3793; x_wconf 89' lang='lat' dir='ltr'><strong>agitur,</strong></span> <span class='ocrx_word' id='word_1_235' title='bbox 1093 3722 1143 3775; x_wconf 91' lang='lat' dir='ltr'><strong>ubi</strong></span> <span class='ocrx_word' id='word_1_236' title='bbox 1164 3722 1278 3777; x_wconf 75' lang='lat' dir='ltr'><strong>Sanctae</strong></span> <span class='ocrx_word' id='word_1_237' title='bbox 1296 3723 1435 3778; x_wconf 77' lang='lat' dir='ltr'><strong>Romanas</strong></span> <span class='ocrx_word' id='word_1_238' title='bbox 1454 3723 1532 3778; x_wconf 89' lang='lat' dir='ltr'><strong>sedis</strong></span> <span class='ocrx_word' id='word_1_239' title='bbox 1551 3724 1689 3796; x_wconf 84' lang='lat' dir='ltr'><strong>majestas</strong></span> 
     </span>
     <span class='ocr_line' id='line_1_29' title="bbox 494 3804 1689 3877; baseline 0.006 -21"><span class='ocrx_word' id='word_1_240' title='bbox 494 3813 523 3856; x_wconf 82' lang='lat' dir='ltr'><strong>ro.</strong></span> <span class='ocrx_word' id='word_1_241' title='bbox 532 3819 556 3858; x_wconf 90' lang='lat'><strong>11</strong></span> <span class='ocrx_word' id='word_1_242' title='bbox 564 3824 595 3858; x_wconf 61' lang='grc' dir='ltr'><strong>ν’.</strong></span> <span class='ocrx_word' id='word_1_243' title='bbox 636 3806 781 3862; x_wconf 90' lang='lat' dir='ltr'><strong>illuditur.</strong></span> <span class='ocrx_word' id='word_1_244' title='bbox 820 3804 864 3859; x_wconf 92' lang='lat' dir='ltr'><strong>De</strong></span> <span class='ocrx_word' id='word_1_245' title='bbox 883 3811 987 3859; x_wconf 83' lang='lat' dir='ltr'><strong>caetero</strong></span> <span class='ocrx_word' id='word_1_246' title='bbox 1006 3822 1124 3859; x_wconf 89' lang='lat' dir='ltr'><strong>causam</strong></span> <span class='ocrx_word' id='word_1_247' title='bbox 1143 3805 1275 3860; x_wconf 75' lang='lat' dir='ltr'><strong>ecclesiae</strong></span> <span class='ocrx_word' id='word_1_248' title='bbox 1295 3806 1407 3861; x_wconf 83' lang='lat' dir='ltr'><strong>Christi</strong></span> <span class='ocrx_word' id='word_1_249' title='bbox 1425 3812 1456 3861; x_wconf 90' lang='lat' dir='ltr'><strong>et</strong></span> <span class='ocrx_word' id='word_1_250' title='bbox 1473 3806 1596 3877; x_wconf 86' lang='lat' dir='ltr'><strong>gloriosi</strong></span> <span class='ocrx_word' id='word_1_251' title='bbox 1614 3825 1689 3863; x_wconf 89' lang='lat' dir='ltr'><strong>mar·</strong></span> 
     </span>
     <span class='ocr_line' id='line_1_30' title="bbox 468 3888 1689 3980; baseline 0.004 -38"><span class='ocrx_word' id='word_1_252' title='bbox 468 3888 607 3980; x_wconf 46' lang='lat' dir='ltr'><strong>{benonim</strong></span> <span class='ocrx_word' id='word_1_253' title='bbox 636 3891 711 3962; x_wconf 85' lang='lat' dir='ltr'><strong>tyris</strong></span> <span class='ocrx_word' id='word_1_254' title='bbox 729 3890 858 3953; x_wconf 69' lang='lat' dir='ltr'><strong>Thomas,</strong></span> <span class='ocrx_word' id='word_1_255' title='bbox 873 3889 904 3942; x_wconf 93' lang='lat' dir='ltr'><strong>in</strong></span> <span class='ocrx_word' id='word_1_256' title='bbox 923 3906 976 3942; x_wconf 88' lang='lat' dir='ltr'><strong>sna</strong></span> <span class='ocrx_word' id='word_1_257' title='bbox 993 3905 1131 3958; x_wconf 88' lang='lat' dir='ltr'><strong>namque,</strong></span> <span class='ocrx_word' id='word_1_258' title='bbox 1145 3907 1202 3943; x_wconf 90' lang='lat' dir='ltr'><strong>non</strong></span> <span class='ocrx_word' id='word_1_259' title='bbox 1220 3890 1250 3943; x_wconf 88' lang='lat' dir='ltr'><strong>in</strong></span> <span class='ocrx_word' id='word_1_260' title='bbox 1269 3889 1373 3955; x_wconf 87' lang='lat' dir='ltr'><strong>aliena,</strong></span> <span class='ocrx_word' id='word_1_261' title='bbox 1393 3891 1536 3962; x_wconf 84' lang='lat' dir='ltr'><strong>martyrio</strong></span> <span class='ocrx_word' id='word_1_262' title='bbox 1556 3908 1689 3947; x_wconf 90' lang='lat' dir='ltr'><strong>consum-</strong></span> 
     </span>
     <span class='ocr_line' id='line_1_31' title="bbox 469 3941 1688 4047; baseline 0.001 -18"><span class='ocrx_word' id='word_1_263' title='bbox 469 3941 597 4044; x_wconf 53' lang='lat' dir='ltr'><strong>effi&#39;ffi‘t</strong></span> <span class='ocrx_word' id='word_1_264' title='bbox 635 3982 732 4030; x_wconf 91' lang='lat' dir='ltr'><strong>matus</strong></span> <span class='ocrx_word' id='word_1_265' title='bbox 759 3980 812 4037; x_wconf 89' lang='lat' dir='ltr'><strong>est,</strong></span> <span class='ocrx_word' id='word_1_266' title='bbox 833 3974 864 4027; x_wconf 92' lang='lat' dir='ltr'><strong>in</strong></span> <span class='ocrx_word' id='word_1_267' title='bbox 890 3990 994 4027; x_wconf 89' lang='lat' dir='ltr'><strong>manus</strong></span> <span class='ocrx_word' id='word_1_268' title='bbox 1020 3979 1134 4027; x_wconf 89' lang='lat' dir='ltr'><strong>vestras</strong></span> <span class='ocrx_word' id='word_1_269' title='bbox 1163 3973 1409 4037; x_wconf 88' lang='lat' dir='ltr'><strong>commendamus,</strong></span> <span class='ocrx_word' id='word_1_270' title='bbox 1434 3980 1584 4046; x_wconf 87' lang='lat' dir='ltr'><strong>sperantes</strong></span> <span class='ocrx_word' id='word_1_271' title='bbox 1611 3974 1688 4047; x_wconf 93' lang='lat' dir='ltr'><strong>quod</strong></span> 
     </span>
     <span class='ocr_line' id='line_1_32' title="bbox 467 4041 1686 4138; baseline -0.002 -23"><span class='ocrx_word' id='word_1_272' title='bbox 467 4041 623 4138; x_wconf 51' lang='lat' dir='ltr'><strong>ffiflffissiw</strong></span> <span class='ocrx_word' id='word_1_273' title='bbox 636 4078 688 4115; x_wconf 89' lang='lat' dir='ltr'><strong>nos</strong></span> <span class='ocrx_word' id='word_1_274' title='bbox 701 4058 820 4115; x_wconf 89' lang='lat' dir='ltr'><strong>tandem</strong></span> <span class='ocrx_word' id='word_1_275' title='bbox 832 4057 912 4111; x_wconf 91' lang='lat' dir='ltr'><strong>Deus</strong></span> <span class='ocrx_word' id='word_1_276' title='bbox 932 4058 993 4110; x_wconf 86' lang='lat' dir='ltr'><strong>sive</strong></span> <span class='ocrx_word' id='word_1_277' title='bbox 1012 4073 1065 4126; x_wconf 91' lang='lat' dir='ltr'><strong>per</strong></span> <span class='ocrx_word' id='word_1_278' title='bbox 1083 4074 1135 4111; x_wconf 90' lang='lat' dir='ltr'><strong>vos</strong></span> <span class='ocrx_word' id='word_1_279' title='bbox 1155 4057 1217 4110; x_wconf 92' lang='lat' dir='ltr'><strong>sive</strong></span> <span class='ocrx_word' id='word_1_280' title='bbox 1237 4075 1295 4127; x_wconf 91' lang='lat' dir='ltr'><strong>quo</strong></span> <span class='ocrx_word' id='word_1_281' title='bbox 1312 4058 1424 4128; x_wconf 90' lang='lat' dir='ltr'><strong>placuit</strong></span> <span class='ocrx_word' id='word_1_282' title='bbox 1441 4059 1527 4114; x_wconf 90' lang='lat' dir='ltr'><strong>modo</strong></span> <span class='ocrx_word' id='word_1_283' title='bbox 1539 4060 1686 4131; x_wconf 86' lang='lat' dir='ltr'><strong>respiciet,</strong></span> 
     </span>
     <span class='ocr_line' id='line_1_33' title="bbox 466 4140 1814 4235; baseline 0.011 -51"><span class='ocrx_word' id='word_1_284' title='bbox 466 4143 569 4235; x_wconf 44' lang='lat' dir='ltr'><strong>phones.</strong></span> <span class='ocrx_word' id='word_1_285' title='bbox 637 4150 667 4200; x_wconf 84' lang='lat' dir='ltr'><strong>et</strong></span> <span class='ocrx_word' id='word_1_286' title='bbox 684 4144 766 4198; x_wconf 87' lang='lat' dir='ltr'><strong>labor</strong></span> <span class='ocrx_word' id='word_1_287' title='bbox 782 4141 927 4197; x_wconf 84' lang='lat' dir='ltr'><strong>labiorum</strong></span> <span class='ocrx_word' id='word_1_288' title='bbox 946 4140 1079 4211; x_wconf 90' lang='lat' dir='ltr'><strong>ipsorum</strong></span> <span class='ocrx_word' id='word_1_289' title='bbox 1097 4140 1211 4210; x_wconf 89' lang='lat' dir='ltr'><strong>operiet</strong></span> <span class='ocrx_word' id='word_1_290' title='bbox 1228 4141 1420 4197; x_wconf 88' lang='lat' dir='ltr'><strong>adversarios.</strong></span> <span class='ocrx_word' id='word_1_291' title='bbox 1458 4142 1543 4199; x_wconf 85' lang='lat' dir='ltr'><strong>Sicut</strong></span> <span class='ocrx_word' id='word_1_292' title='bbox 1562 4161 1688 4215; x_wconf 88' lang='lat' dir='ltr'><strong>namque</strong></span> <span class='ocrx_word' id='word_1_293' title='bbox 1700 4151 1814 4199; x_wconf 65' lang='lat' dir='ltr'><strong>Paula</strong></span> 
     </span>
     <span class='ocr_line' id='line_1_34' title="bbox 467 4194 1687 4297; baseline -0.001 -13"><span class='ocrx_word' id='word_1_294' title='bbox 467 4194 617 4290; x_wconf 45' lang='lat' dir='ltr'><strong>sfffibnmissd</strong></span> <span class='ocrx_word' id='word_1_295' title='bbox 636 4230 667 4284; x_wconf 90' lang='lat' dir='ltr'><strong>in</strong></span> <span class='ocrx_word' id='word_1_296' title='bbox 695 4226 802 4283; x_wconf 86' lang='lat' dir='ltr'><strong>sanctis</strong></span> <span class='ocrx_word' id='word_1_297' title='bbox 831 4225 920 4297; x_wconf 89' lang='lat' dir='ltr'><strong>impie</strong></span> <span class='ocrx_word' id='word_1_298' title='bbox 947 4224 1133 4293; x_wconf 87' lang='lat' dir='ltr'><strong>vituperatur</strong></span> <span class='ocrx_word' id='word_1_299' title='bbox 1158 4225 1278 4288; x_wconf 89' lang='lat' dir='ltr'><strong>veritas,</strong></span> <span class='ocrx_word' id='word_1_300' title='bbox 1299 4226 1342 4280; x_wconf 91' lang='lat' dir='ltr'><strong>ita</strong></span> <span class='ocrx_word' id='word_1_301' title='bbox 1368 4232 1399 4281; x_wconf 91' lang='lat' dir='ltr'><strong>et</strong></span> <span class='ocrx_word' id='word_1_302' title='bbox 1423 4227 1528 4297; x_wconf 89' lang='lat' dir='ltr'><strong>majori</strong></span> <span class='ocrx_word' id='word_1_303' title='bbox 1554 4228 1687 4284; x_wconf 88' lang='lat' dir='ltr'><strong>fortassis</strong></span> 
     </span>
     <span class='ocr_line' id='line_1_35' title="bbox 636 4306 1685 4375; baseline 0 -8"><span class='ocrx_word' id='word_1_304' title='bbox 636 4312 746 4367; x_wconf 88' lang='lat' dir='ltr'><strong>scolere</strong></span> <span class='ocrx_word' id='word_1_305' title='bbox 773 4310 805 4364; x_wconf 89' lang='lat' dir='ltr'><strong>in</strong></span> <span class='ocrx_word' id='word_1_306' title='bbox 830 4308 941 4363; x_wconf 88' lang='lat' dir='ltr'><strong>eisdem</strong></span> <span class='ocrx_word' id='word_1_307' title='bbox 972 4306 1111 4363; x_wconf 89' lang='lat' dir='ltr'><strong>laudatur</strong></span> <span class='ocrx_word' id='word_1_308' title='bbox 1142 4307 1265 4362; x_wconf 87' lang='lat' dir='ltr'><strong>falsitas.</strong></span> <span class='ocrx_word' id='word_1_309' title='bbox 1312 4309 1378 4364; x_wconf 88' lang='lat' dir='ltr'><strong>Hoc</strong></span> <span class='ocrx_word' id='word_1_310' title='bbox 1408 4309 1518 4366; x_wconf 92' lang='lat' dir='ltr'><strong>idcirco</strong></span> <span class='ocrx_word' id='word_1_311' title='bbox 1548 4310 1685 4375; x_wconf 84' lang='lat' dir='ltr'><strong>diximus,</strong></span> 
     </span>
     <span class='ocr_line' id='line_1_36' title="bbox 635 4391 1687 4467; baseline 0 -16"><span class='ocrx_word' id='word_1_312' title='bbox 635 4403 717 4467; x_wconf 88' lang='lat' dir='ltr'><strong>pater</strong></span> <span class='ocrx_word' id='word_1_313' title='bbox 736 4400 844 4458; x_wconf 87' lang='lat' dir='ltr'><strong>sancte,</strong></span> <span class='ocrx_word' id='word_1_314' title='bbox 865 4391 944 4462; x_wconf 89' lang='lat' dir='ltr'><strong>quod</strong></span> <span class='ocrx_word' id='word_1_315' title='bbox 969 4391 1071 4447; x_wconf 91' lang='lat' dir='ltr'><strong>dicunt</strong></span> <span class='ocrx_word' id='word_1_316' title='bbox 1097 4391 1217 4447; x_wconf 90' lang='lat' dir='ltr'><strong>beatum</strong></span> <span class='ocrx_word' id='word_1_317' title='bbox 1235 4391 1418 4457; x_wconf 84' lang='lat' dir='ltr'><strong>Ansclmum‚</strong></span> <span class='ocrx_word' id='word_1_318' title='bbox 1439 4400 1573 4449; x_wconf 89' lang='lat' dir='ltr'><strong>sanctum</strong></span> <span class='ocrx_word' id='word_1_319' title='bbox 1597 4396 1687 4451; x_wconf 87' lang='lat' dir='ltr'><strong>etiam</strong></span> 
     </span>
     <span class='ocr_line' id='line_1_37' title="bbox 634 4476 1688 4549; baseline 0.002 -16"><span class='ocrx_word' id='word_1_320' title='bbox 634 4485 794 4549; x_wconf 86' lang='lat' dir='ltr'><strong>martyrem</strong></span> <span class='ocrx_word' id='word_1_321' title='bbox 812 4482 954 4539; x_wconf 92' lang='lat' dir='ltr'><strong>nostrum,</strong></span> <span class='ocrx_word' id='word_1_322' title='bbox 975 4476 1010 4530; x_wconf 92' lang='lat' dir='ltr'><strong>de</strong></span> <span class='ocrx_word' id='word_1_323' title='bbox 1030 4493 1117 4546; x_wconf 88' lang='lat' dir='ltr'><strong>opere</strong></span> <span class='ocrx_word' id='word_1_324' title='bbox 1141 4476 1310 4547; x_wconf 84' lang='lat' dir='ltr'><strong>hujusmodi</strong></span> <span class='ocrx_word' id='word_1_325' title='bbox 1335 4478 1490 4547; x_wconf 89' lang='lat' dir='ltr'><strong>cogitasse.</strong></span> <span class='ocrx_word' id='word_1_326' title='bbox 1528 4478 1568 4534; x_wconf 84' lang='lat' dir='ltr'><strong>Et</strong></span> <span class='ocrx_word' id='word_1_327' title='bbox 1585 4496 1688 4535; x_wconf 89' lang='lat' dir='ltr'><strong>revera</strong></span> 
     </span>
     <span class='ocr_line' id='line_1_38' title="bbox 634 4560 1814 4633; baseline 0.005 -17"><span class='ocrx_word' id='word_1_328' title='bbox 634 4580 691 4616; x_wconf 90' lang='lat' dir='ltr'><strong>non</strong></span> <span class='ocrx_word' id='word_1_329' title='bbox 721 4561 815 4615; x_wconf 87' lang='lat' dir='ltr'><strong>omnis</strong></span> <span class='ocrx_word' id='word_1_330' title='bbox 850 4560 990 4630; x_wconf 86' lang='lat' dir='ltr'><strong>cogitatio</strong></span> <span class='ocrx_word' id='word_1_331' title='bbox 1025 4567 1202 4623; x_wconf 86' lang='lat' dir='ltr'><strong>sanctorum,</strong></span> <span class='ocrx_word' id='word_1_332' title='bbox 1236 4560 1288 4614; x_wconf 89' lang='lat' dir='ltr'><strong>sed</strong></span> <span class='ocrx_word' id='word_1_333' title='bbox 1323 4561 1470 4632; x_wconf 85' lang='lat' dir='ltr'><strong>relliquias</strong></span> <span class='ocrx_word' id='word_1_334' title='bbox 1500 4563 1686 4633; x_wconf 89' lang='lat' dir='ltr'><strong>cogitationis</strong></span> <span class='ocrx_word' id='word_1_335' title='bbox 1699 4576 1814 4622; x_wconf 70' lang='lat' dir='ltr'><strong>Pnlrxrs</strong></span> 
     </span>
     <span class='ocr_line' id='line_1_39' title="bbox 634 4642 1688 4718; baseline 0.003 -20"><span class='ocrx_word' id='word_1_336' title='bbox 634 4646 713 4698; x_wconf 92' lang='lat' dir='ltr'><strong>diem</strong></span> <span class='ocrx_word' id='word_1_337' title='bbox 733 4645 841 4697; x_wconf 84' lang='lat' dir='ltr'><strong>festum</strong></span> <span class='ocrx_word' id='word_1_338' title='bbox 860 4649 953 4713; x_wconf 86' lang='lat' dir='ltr'><strong>agunt</strong></span> <span class='ocrx_word' id='word_1_339' title='bbox 966 4642 1100 4696; x_wconf 89' lang='lat' dir='ltr'><strong>Domino.</strong></span> <span class='ocrx_word' id='word_1_340' title='bbox 1140 4642 1287 4697; x_wconf 82' lang='lat' dir='ltr'><strong>Caeterum</strong></span> <span class='ocrx_word' id='word_1_341' title='bbox 1307 4650 1336 4699; x_wconf 87' lang='lat' dir='ltr'><strong>et</strong></span> <span class='ocrx_word' id='word_1_342' title='bbox 1360 4646 1424 4714; x_wconf 67' lang='lat' dir='ltr'><strong>praei</strong></span> <span class='ocrx_word' id='word_1_343' title='bbox 1443 4652 1550 4700; x_wconf 78' lang='lat' dir='ltr'><strong>nostras</strong></span> <span class='ocrx_word' id='word_1_344' title='bbox 1563 4652 1688 4718; x_wconf 87' lang='lat' dir='ltr'><strong>uterque</strong></span> 
     </span>
     <span class='ocr_line' id='line_1_40' title="bbox 464 4727 1687 4872; baseline 0.003 -89"><span class='ocrx_word' id='word_1_345' title='bbox 464 4747 614 4843; x_wconf 53' lang='lat' dir='ltr'><strong>fflffite.</strong></span> <span class='ocrx_word' id='word_1_346' title='bbox 634 4729 780 4872; x_wconf 46' lang='lat' dir='ltr'><strong>{adtulisse</strong></span> <span class='ocrx_word' id='word_1_347' title='bbox 798 4728 974 4864; x_wconf 68' lang='lat' dir='ltr'><strong>dinoscitlur,</strong></span> <span class='ocrx_word' id='word_1_348' title='bbox 994 4745 1052 4781; x_wconf 90' lang='lat' dir='ltr'><strong>non</strong></span> <span class='ocrx_word' id='word_1_349' title='bbox 1070 4727 1291 4823; x_wconf 78' lang='lat' dir='ltr'><strong>perturbationi.</strong></span> <span class='ocrx_word' id='word_1_350' title='bbox 1313 4727 1415 4867; x_wconf 60' lang='lat' dir='ltr'><strong>lAliter</strong></span> <span class='ocrx_word' id='word_1_351' title='bbox 1433 4729 1519 4867; x_wconf 49' lang='lat' dir='ltr'><strong>{lim</strong></span> <span class='ocrx_word' id='word_1_352' title='bbox 1543 4748 1597 4802; x_wconf 91' lang='lat' dir='ltr'><strong>pro</strong></span> <span class='ocrx_word' id='word_1_353' title='bbox 1603 4749 1687 4872; x_wconf 55' lang='lat' dir='ltr'><strong>a{eloco</strong></span> 
     </span>
     <span class='ocr_line' id='line_1_41' title="bbox 660 4828 1687 4872; baseline 0.002 -3"><span class='ocrx_word' id='word_1_354' title='bbox 660 4835 697 4872; x_wconf 89' lang='lat' dir='ltr'><strong>un</strong></span> <span class='ocrx_word' id='word_1_355' title='bbox 730 4830 852 4869; x_wconf 75' lang='lat' dir='ltr'><strong>ariensis</strong></span> <span class='ocrx_word' id='word_1_356' title='bbox 872 4829 1002 4867; x_wconf 83' lang='lat' dir='ltr'><strong>ecces1ae</strong></span> <span class='ocrx_word' id='word_1_357' title='bbox 1051 4830 1103 4865; x_wconf 85' lang='lat' dir='ltr'><strong>mn</strong></span> <span class='ocrx_word' id='word_1_358' title='bbox 1124 4828 1230 4866; x_wconf 81' lang='lat' dir='ltr'><strong>ucnnro</strong></span> <span class='ocrx_word' id='word_1_359' title='bbox 1257 4829 1371 4867; x_wconf 76' lang='lat' dir='ltr'><strong>cunavi</strong></span> <span class='ocrx_word' id='word_1_360' title='bbox 1416 4831 1433 4867; x_wconf 91' lang='lat' dir='ltr'><strong>a</strong></span> <span class='ocrx_word' id='word_1_361' title='bbox 1474 4832 1489 4867; x_wconf 91' lang='lat' dir='ltr'><strong>r</strong></span> <span class='ocrx_word' id='word_1_362' title='bbox 1528 4832 1602 4870; x_wconf 91' lang='lat' dir='ltr'><strong>roe</strong></span> <span class='ocrx_word' id='word_1_363' title='bbox 1641 4834 1687 4871; x_wconf 89' lang='lat' dir='ltr'><strong>em</strong></span> 
     </span>
     <span class='ocr_line' id='line_1_42' title="bbox 463 4829 1687 4972; baseline 0.003 -21"><span class='ocrx_word' id='word_1_364' title='bbox 463 4852 622 4951; x_wconf 44' lang='lat' dir='ltr'><strong>pegmate</strong></span> <span class='ocrx_word' id='word_1_365' title='bbox 635 4902 681 4957; x_wconf 89' lang='lat' dir='ltr'><strong>sui</strong></span> <span class='ocrx_word' id='word_1_366' title='bbox 706 4898 858 4972; x_wconf 89' lang='lat' dir='ltr'><strong>prodigus,</strong></span> <span class='ocrx_word' id='word_1_367' title='bbox 885 4900 952 4966; x_wconf 90' lang='lat' dir='ltr'><strong>post</strong></span> <span class='ocrx_word' id='word_1_368' title='bbox 977 4829 1190 4950; x_wconf 65' lang='lat' dir='ltr'><strong>sexqannbrum</strong></span> <span class='ocrx_word' id='word_1_369' title='bbox 1212 4896 1343 4962; x_wconf 85' lang='lat' dir='ltr'><strong>exilium,</strong></span> <span class='ocrx_word' id='word_1_370' title='bbox 1365 4855 1489 4968; x_wconf 70' lang='lat' dir='ltr'><strong>septimo</strong></span> <span class='ocrx_word' id='word_1_371' title='bbox 1507 4832 1687 4970; x_wconf 60' lang='lat' dir='ltr'><strong>banguinem</strong></span> 
     </span>
     <span class='ocr_line' id='line_1_43' title="bbox 465 4952 1686 5052; baseline -0.002 -11"><span class='ocrx_word' id='word_1_372' title='bbox 465 4952 524 4992; x_wconf 83' lang='lat' dir='ltr'><strong>rent.</strong></span> <span class='ocrx_word' id='word_1_373' title='bbox 635 5003 720 5041; x_wconf 85' lang='lat' dir='ltr'><strong>suum</strong></span> <span class='ocrx_word' id='word_1_374' title='bbox 738 4980 898 5052; x_wconf 89' lang='lat' dir='ltr'><strong>impendit:</strong></span> <span class='ocrx_word' id='word_1_375' title='bbox 928 4984 958 5034; x_wconf 88' lang='lat' dir='ltr'><strong>et</strong></span> <span class='ocrx_word' id='word_1_376' title='bbox 983 4978 1102 5048; x_wconf 86' lang='lat' dir='ltr'><strong>quidem</strong></span> <span class='ocrx_word' id='word_1_377' title='bbox 1128 4985 1240 5050; x_wconf 76' lang='lat' dir='ltr'><strong>martyr</strong></span> <span class='ocrx_word' id='word_1_378' title='bbox 1270 4980 1417 5051; x_wconf 89' lang='lat' dir='ltr'><strong>gloriosus</strong></span> <span class='ocrx_word' id='word_1_379' title='bbox 1447 4981 1501 5052; x_wconf 86' lang='lat' dir='ltr'><strong>qui</strong></span> <span class='ocrx_word' id='word_1_380' title='bbox 1530 4984 1621 5038; x_wconf 88' lang='lat' dir='ltr'><strong>otiam</strong></span> <span class='ocrx_word' id='word_1_381' title='bbox 1651 4984 1686 5038; x_wconf 93' lang='lat' dir='ltr'><strong>dc</strong></span> 
     </span>
    </p>
   </div>
   <div class='ocr_carea' id='block_1_14' title="bbox 635 5062 1684 5135">
    <p class='ocr_par' dir='ltr' id='par_1_16' title="bbox 635 5062 1684 5135">
     <span class='ocr_line' id='line_1_44' title="bbox 635 5062 1684 5135; baseline -0.002 -11"><span class='ocrx_word' id='word_1_382' title='bbox 635 5067 796 5125; x_wconf 86' lang='lat' dir='ltr'><strong>minoribus</strong></span> <span class='ocrx_word' id='word_1_383' title='bbox 814 5062 967 5120; x_wconf 87' lang='lat' dir='ltr'><strong>nobiscum</strong></span> <span class='ocrx_word' id='word_1_384' title='bbox 994 5067 1152 5118; x_wconf 82' lang='lat' dir='ltr'><strong>tractatum</strong></span> <span class='ocrx_word' id='word_1_385' title='bbox 1177 5064 1209 5119; x_wconf 89' lang='lat' dir='ltr'><strong>iu</strong></span> <span class='ocrx_word' id='word_1_386' title='bbox 1234 5064 1363 5135; x_wconf 87' lang='lat' dir='ltr'><strong>capitulo</strong></span> <span class='ocrx_word' id='word_1_387' title='bbox 1388 5063 1496 5121; x_wconf 89' lang='lat' dir='ltr'><strong>habere</strong></span> <span class='ocrx_word' id='word_1_388' title='bbox 1524 5067 1684 5133; x_wconf 85' lang='lat' dir='ltr'><strong>consuevit,</strong></span> 
     </span>
    </p>
   </div>
   <div class='ocr_carea' id='block_1_15' title="bbox 0 0 2100 6392">
    <p class='ocr_par' dir='ltr' id='par_1_17' title="bbox 0 0 2100 6392">
     <span class='ocr_line' id='line_1_45' title="bbox 0 0 2100 6392; baseline 0 0"><span class='ocrx_word' id='word_1_389' title='bbox 0 0 2100 6392; x_wconf 95' lang='lat' dir='ltr'><strong> </strong></span> 
     </span>
    </p>
   </div>
  </div>
 </body>
</html>
