4192 6392
621 1189 687 1255 362
906 1205 1078 1253 srrsroun
1101 1202 1392 1268 cirruamsssns,

471 1385 591 1428 transt
622 1377 818 1431 etcouventui
831 1377 963 1431 ecelesias
982 1378 1212 1442 cantuariensis,
1227 1378 1353 1433 salutem
1371 1386 1402 1433 et
1420 1379 1564 1434 sinceram
1581 1379 1674 1435 dilec-

451 1435 608 1546 comm
621 1460 738 1515 tionem.
775 1460 901 1515 Noverit
919 1460 1038 1516 dilectio
1056 1467 1165 1524 vestre,
1185 1461 1264 1533 quod
1288 1462 1320 1516 in
1345 1462 1479 1534 captione
1504 1461 1675 1519 detinemur

452 1552 556 1614 nehus
621 1563 651 1599 111
681 1562 770 1599 manu
799 1544 993 1615 imperatoris,
1026 1545 1078 1616 qui
1114 1564 1166 1601 nos
1196 1547 1310 1617 recepit
1339 1546 1370 1600 in
1400 1547 1500 1602 osculo
1528 1547 1612 1618 pacis
1643 1555 1675 1604 et

452 1604 607 1707 &3⁶21ss
620 1629 794 1694 dilectionis,
807 1630 981 1701 promittens
1000 1631 1123 1686 firmiter
1141 1631 1224 1686 nobis
1242 1639 1273 1686 et
1290 1649 1382 1702 regno
1399 1637 1500 1686 nostro
1516 1632 1673 1687 eonsilium

451 1704 586 1849 Ξέὥ
620 1720 650 1809 et
667 1713 809 1808 auxilinm
822 1713 1037 1854 imnpenderielim
1028 1713 1068 1769 Et
1080 1715 1150 1786 quia
1161 1715 1242 1770 nullo
1259 1715 1670 1856 m⁰d⁰1p⁰i⁸umu⁸liiffl

537 1816 678 1852 nti-nm
743 1815 849 1852 uscen
885 1816 971 1852 mm
1060 1817 1127 1853 msr
1294 1818 1309 1853 r
1375 1817 1579 1864 erimu,car1

450 1816 748 1952 ffiffvestrhhh
772 1881 928 1936 affectuose
946 1900 1096 1953 regemus,
1117 1817 1238 1953 deffi
1255 1817 1374 1954 iiiediui
1390 1889 1421 1938 et
1444 1819 1580 1939 didiusius
1605 1819 1672 1940 soii

450 1958 566 2054 ffim
618 1964 746 2030 fidimus,
774 1973 917 2036 quatenus
942 1985 995 2022 vos
1025 1967 1077 2039 qui
1107 1974 1197 2040 eaput
1226 1968 1317 2023 totius
1347 1967 1432 2040 regni
1461 1968 1555 2024 nostri
1585 1970 1669 2034 estis,

618 2049 684 2104 aliis
703 2049 733 2104 in
751 2068 843 2122 regno
861 2057 961 2107 nostro
979 2052 1149 2108 constitutis
1168 2053 1333 2123 exemplum
1351 2051 1517 2108 dilectionis
1529 2058 1560 2108 et
1577 2052 1672 2108 fideli·

616 2135 686 2190 tatis
705 2135 836 2205 praebcre
861 2137 989 2204 curetis,
1018 2155 1073 2193 nee
1100 2137 1213 2208 aliquid
1238 2138 1269 2192 in
1296 2138 1430 2193 absentia
1453 2144 1554 2194 nostra
1578 2157 1669 2210 agere

615 2219 726 2286 velitis,
746 2220 823 2275 unde
847 2220 986 2276 damnum
1003 2222 1053 2277 vel
1080 2221 1290 2277 detrimentum
1315 2222 1431 2278 honoris
1459 2229 1490 2278 et
1513 2221 1670 2294 dignitatis

616 2311 724 2360 nostrin
752 2305 957 2362 sustineamus.
999 2305 1063 2362 Nos
1089 2313 1188 2363 autem
1214 2325 1282 2363 omn
1311 2306 1429 2362 liberati
1455 2308 1610 2372 fuerimus,
1640 2316 1671 2364 et

616 2387 759 2445 Dominus
784 2408 837 2445 nos
863 2389 900 2445 sd
921 2391 1041 2462 propria
1066 2390 1226 2455 reduxerit,
1254 2390 1292 2446 ad
1316 2391 1498 2446 voluntatem
1526 2398 1558 2447 et
1581 2391 1669 2448 bene·

616 2473 758 2544 placitum
776 2481 908 2530 vestrum
933 2482 965 2531 et
988 2493 1040 2531 nos
1067 2475 1224 2540 habebitis,
1248 2482 1313 2531 tum
1339 2477 1370 2530 in
1395 2476 1517 2532 consilio
1535 2477 1669 2533 ecclesias

616 2565 731 2625 vestros,
751 2566 816 2616 tum
834 2561 922 2614 etiam
943 2560 974 2615 in
992 2558 1127 2616 om'nibus
1146 2561 1213 2616 aliis
1231 2559 1269 2615 ad
1295 2560 1436 2615 honorem
1454 2568 1485 2616 et
1508 2561 1669 2617 utilitatem

616 2643 748 2700 ecelesiae
778 2643 999 2701 cantuariensis
1041 2645 1251 2717 spectantibus.
1301 2645 1428 2716 Insuper
1464 2645 1501 2700 ad
1536 2663 1668 2717 prensens

615 2729 695 2799 cogit
718 2747 771 2784 nos
789 2729 949 2785 necessitas
971 2729 1113 2784 auxilium
1139 2736 1169 2784 et
1194 2728 1349 2785 consilium
1366 2730 1459 2785 vestri
1484 2735 1515 2784 et
1540 2730 1668 2787 aliorum

448 2820 549 2877 llebegs
614 2812 746 2867 fidelium
776 2821 944 2870 nostrorum
973 2813 1133 2885 postulare,
1164 2821 1199 2869 ut
1233 2813 1402 2870 liberationi
1427 2821 1534 2870 nostrae
1564 2833 1667 2872 eurem

447 2873 603 2981 fflfflssd
615 2896 778 2953 adhibeatis
804 2904 835 2953 et
861 2917 979 2971 operam
1009 2899 1166 2964 efficacem,
1187 2905 1217 2953 et
1244 2899 1274 2953 in
1300 2899 1435 2970 pecunia,
1455 2916 1512 2954 non
1539 2897 1667 2957 dicimus

447 2975 561 3072 m
614 2981 719 3048 dsnda,
745 2981 798 3037 sed
826 2984 924 3054 petius
949 2983 1118 3048 mutuands,
1145 2984 1182 3037 de
1206 2983 1354 3039 thesauris
1384 2983 1517 3039 ecelesiae
1547 2991 1665 3052 restite,

446 3076 540 3121 otetur
615 3066 693 3138 quod
720 3065 919 3122 indubitanter
937 3068 1021 3124 vobis
1046 3067 1084 3123 sd
1109 3069 1233 3138 duplum
1260 3068 1459 3134 restituemus,
1488 3067 1573 3124 nobis
1601 3088 1667 3126 suc-

446 3125 541 3175 ⁰h¹¹f⁰¹³
614 3169 733 3206 currere
756 3151 866 3217 velitis,
894 3158 930 3207 ut
955 3151 993 3207 sd
1019 3150 1195 3223 cendignam
1224 3153 1489 3208 remunerationem
1516 3153 1600 3209 vobis
1628 3155 1666 3210 de

613 3245 720 3292 csetero
743 3242 905 3302 teneamur,
932 3243 964 3292 et
992 3235 1058 3292 laus
1084 3241 1115 3291 et
1143 3237 1252 3293 caritas
1281 3242 1382 3293 vestra
1411 3255 1510 3293 coram
1540 3236 1604 3294 Deo
1634 3246 1666 3296 st

612 3319 778 3377 hominibus
797 3320 886 3393 digne
905 3320 1031 3376 debeant
1047 3320 1256 3377 commendari.
1295 3321 1380 3391 Quod
1396 3328 1495 3378 autem
1513 3340 1566 3393 pro
1578 3323 1664 3381 nobis

612 3406 708 3460 facere
738 3407 883 3478 poteritis,
908 3406 993 3461 nobis
1024 3405 1194 3461 renunciare
1224 3407 1345 3473 curetis,
1377 3414 1408 3462 et
1437 3412 1547 3462 statum
1577 3410 1663 3480 regni

612 3490 714 3555 nestri,
729 3498 760 3546 et
776 3491 909 3549 ecclesiae
927 3496 1043 3548 vestrae.
1083 3491 1170 3547 Teste
1188 3508 1235 3546 me
1254 3491 1319 3563 ipso
1337 3491 1416 3563 apud
1435 3491 1562 3563 Spiram,
1582 3495 1661 3552 xxvi.

612 3574 659 3628 die
678 3575 788 3631 Martii.

460 3844 581 3895 stercore.
630 3827 815 3884 cccxcix,
854 3823 1001 3882 Rienrnrs
1019 3839 1076 3881 sss
1095 3826 1215 3881 Aratis
1234 3826 1390 3882 Asrssons
1409 3840 1530 3892 aserss,
1551 3839 1642 3882 usrst

1102 3926 1169 3966 scra.

442 4062 555 4119 Tiresiae
646 4058 800 4123 Ricardus,
828 4057 884 4112 Dei
906 4057 1010 4129 gratia,
1032 4075 1083 4111 rex
1101 4056 1228 4127 Anglirn‚
1248 4059 1315 4122 θέω
1340 4055 1506 4111 reverendae
1535 4054 1658 4109 domins]

441 4115 577 4212 iiiiiifflff,
611 4163 670 4199 suae
684 4154 713 4198 et
731 4144 818 4198 matri
830 4144 989 4197 carissimas
1005 4142 1163 4207 Alienorae,
1179 4141 1281 4196 eadem
1294 4141 1390 4212 grstia
1408 4142 1518 4212 regins}
1531 4140 1658 4211 Angliae,

471 4231 571 4275 restra
610 4229 744 4292 salutem,
763 4233 792 4281 et
804 4244 919 4281 omnem
933 4244 1020 4295 quam
1039 4226 1160 4282 devotus
1180 4227 1257 4280 filius
1276 4233 1374 4297 potest
1386 4226 1473 4280 matri
1492 4225 1659 4279 desiderare

442 4305 789 4367 ¹¹⁰lfl⁰l⁰ll⁰¹¹felicitatem.
828 4311 863 4363 In
888 4310 990 4381 primis
1010 4309 1121 4365 Decet
1148 4310 1334 4381 postmodum
1360 4317 1465 4365 vostrse
1496 4307 1657 4373 serenitati,

440 4358 578 4463 iiiiiiiiilim
608 4404 701 4451 meter
729 4395 908 4460 dulcissimo,
931 4394 1041 4465 gratias
1070 4412 1258 4464 quascunque
1287 4411 1443 4464 possumus
1470 4392 1657 4455 exsolvimus,

440 4458 499 4502 ‘¹⁰⁰¹'
607 4481 677 4536 licet
695 4481 731 4535 ad
750 4489 809 4535 tam
828 4480 932 4550 dignas
945 4480 1109 4550 gratiarum
1125 4480 1252 4533 actiones
1267 4479 1398 4533 sufficere
1416 4496 1473 4531 non
1491 4494 1656 4547 possumus,

607 4585 659 4637 pro
678 4566 817 4620 fidelitate
837 4583 924 4635 quam
950 4564 1032 4618 nobis
1052 4564 1187 4628 servatis,
1208 4569 1237 4617 et
1263 4563 1341 4617 fideli
1361 4582 1432 4617 cura
1450 4567 1479 4616 et
1503 4562 1658 4631 diligentia

607 4670 695 4721 quam
722 4658 868 4705 terrarum
895 4655 1061 4704 nostrarum
1080 4649 1145 4720 paci
1164 4668 1197 4702 ae
1226 4648 1388 4702 defensioni
1414 4656 1474 4702 turn
1505 4647 1609 4701 devote
1628 4654 1658 4700 et

606 4736 762 4790 efficaciter
787 4734 966 4804 impenditis.
1006 4733 1086 4788 Satis
1113 4732 1231 4803 quidem
1250 4733 1440 4802 cognovimus
1467 4738 1497 4785 et
1520 4738 1657 4801 exparte

605 4821 724 4884 scimus,
745 4819 822 4889 quod
848 4837 900 4889 por·
919 4817 976 4872 Dei
1002 4818 1221 4872 miserationem
1240 4823 1270 4872 et
1287 4823 1419 4871 vestrum
1446 4816 1601 4870 eonsilium
1627 4821 1657 4869 et

605 4904 755 4967 auxilium,
770 4910 916 4957 terrarum
934 4906 1102 4957 nostrarum
1121 4901 1282 4956 defensioni
1301 4909 1347 4955 est
1365 4907 1395 4955 et
1413 4901 1470 4954 erit
1487 4900 1517 4953 in
1529 4900 1656 4953 maxima

604 4996 686 5058 parte
707 4988 867 5059 provisum.
906 4986 1035 5040 Maxima
1062 5004 1187 5056 namque
1207 5003 1296 5040 causo
1313 4992 1412 5040 vestra
1430 4990 1475 5039 est
1500 4984 1656 5054 prudentia

604 5080 633 5126 et
651 5072 798 5136 discretio,
820 5089 910 5142 (lauro
929 5088 1023 5141 usquo
1051 5071 1082 5124 in
1109 5071 1267 5125 adventum
1293 5076 1424 5125 nestrum
1450 5077 1529 5123 terra
1556 5075 1655 5123 nestra

603 5156 633 5210 in
669 5163 747 5212 statu
783 5155 888 5211 debeat
922 5172 1093 5226 permanere
1123 5155 1253 5226 pacifice.
1298 5155 1384 5211 Nunc
1420 5161 1528 5219 sutem,
1560 5159 1654 5209 mater
