4192 6392
467 1347 521 1391 ΔΙ).
531 1352 588 1396 llsi.

501 1400 564 1453 suu.

450 1753 498 1796 rus
506 1756 588 1799 mouks

448 1804 522 1847 ihnnk
532 1808 572 1849 tho

448 1856 563 1899 cardinal-s

450 1905 485 1947 tor
493 1906 555 1949 their

449 1958 535 2000 favour.

446 2258 571 2313 ruamus

448 2316 506 2353 want
519 2312 580 2355 their

447 2360 529 2405 rirhts.

444 2753 506 2808 Thes·
516 2756 558 2809 tur

444 2806 485 2849 ttm
494 2810 566 2853 enrdt·

443 2856 493 2899 uals
502 2862 527 2901 to
535 2872 588 2903 rou·

444 2907 510 2950 ttuus
520 2912 544 2951 tu

444 2966 539 3052 u¹u¹·²

472 3022 484 3049 t!
511 3042 515 3051 .

468 3430 537 3485 Early
549 3433 572 3476 in

482 3479 498 3523 J
501 3494 551 3526 uuo

467 3673 496 3715 ss.
507 3678 568 3717 1⁶:10.

439 3844 487 3887 Tiu-
496 3848 560 3890 aueh-

441 3896 523 3949 tiisitop
532 3911 584 3940 ‹mr-

438 3948 514 3990 tmnus
523 3950 562 3991 ttic

439 4000 514 4049 leopr's
530 4012 593 4043 uisu·

438 4048 510 4092 ustas.

436 4338 515 4383 Sume

437 4390 591 4439 u'ontsottha

435 4442 573 4498 aretmisluip

434 4492 460 4533 ot
468 4492 555 4539 uersas.

621 1150 664 1219 62
912 1163 1082 1215 murone
1105 1162 1391 1225 cssuusrmrsrs

622 1339 691 1411 quia
709 1341 766 1397 nisi
785 1340 873 1398 citius
899 1340 978 1394 venit
1002 1340 1086 1395 nobis
1112 1339 1300 1412 adjutorium,
1320 1340 1382 1395 rita
1398 1348 1500 1398 nostra
1522 1343 1554 1399 in
1579 1343 1675 1401 dolore

621 1428 744 1482 deficiet.
784 1426 863 1481 Deus
884 1432 1036 1481 conservet
1053 1426 1144 1481 vitam
1163 1432 1290 1481 vestram
1310 1425 1341 1481 in
1359 1436 1492 1499 tempore
1508 1428 1651 1499 longiora.

663 1620 784 1678 Lxxv.
823 1620 957 1677 currus
978 1634 1186 1677 cauussmses
1205 1620 1375 1677 cessemus
1393 1622 1632 1682 cis-rosunum.

656 1738 772 1794 Gratias
791 1738 907 1808 agimus
920 1740 1022 1809 gretioe
1034 1742 1141 1796 vestrae
1159 1738 1196 1793 de
1214 1739 1310 1810 petia
1328 1757 1416 1810 quam
1428 1740 1510 1812 prior
1527 1746 1558 1797 et
1569 1742 1673 1801 iratres

618 1825 708 1881 nost-ri
731 1841 762 1879 se
781 1823 811 1877 iu
831 1824 923 1879 oculis
942 1823 1048 1879 vestris
1067 1823 1251 1894 gratulantur
1270 1824 1426 1881 iuvenisse.
1465 1825 1537 1894 Quas
1556 1828 1673 1898 quidem

618 1929 665 1965 res
684 1918 762 1965 tauto
781 1910 922 1981 ruajorem
940 1910 1022 1965 vobis
1042 1910 1167 1981 glorium
1186 1911 1217 1965 iu
1244 1915 1400 1982 conspectu
1425 1911 1579 1968 hominum
1597 1930 1674 1969 com·

617 1996 734 2066 paravit
752 2001 780 2049 et
802 1995 949 2059 moritum,
964 1999 1106 2064 quant-nm
1125 1994 1207 2049 uulla
1219 2002 1319 2049 nostre
1337 1996 1542 2066 praecesserint
1558 1998 1671 2063 merite,

618 2080 654 2135 de
672 2097 753 2135 meru
764 2079 926 2135 dinoscitur
938 2079 1095 2150 procedere
1107 2078 1228 2134 ueritate
1246 2086 1276 2133 et
1293 2079 1356 2134 zelo
1370 2080 1503 2150 jasstitiae.
1541 2080 1584 2137 Ut
1595 2083 1671 2137 cuim

616 2165 806 2219 conscientias
824 2168 938 2220 nostras
957 2163 1126 2235 paternitati
1144 2170 1249 2217 vestras
1271 2164 1479 2234 patefaciamus
1498 2164 1536 2221 ed
1554 2183 1669 2238 purum,

616 2268 713 2306 eoram
733 2250 795 2305 Deo
813 2249 971 2320 loquimur,
993 2247 1068 2302 nihil
1084 2248 1166 2302 aliud
1184 2250 1311 2318 petimus
1332 2266 1421 2319 quam
1438 2256 1473 2304 ut
1489 2250 1590 2307 debita
1607 2268 1671 2323 pos-

616 2336 709 2391 simus
722 2352 792 2405 pace
811 2334 950 2403 gaudere,
970 2339 999 2387 et
1017 2350 1065 2387 res
1084 2348 1246 2403 pauperum
1264 2333 1295 2388 in
1317 2334 1403 2389 solita
1420 2334 1590 2407 integritate
1606 2352 1670 2407 per·

616 2421 728 2483 sistere,
752 2419 889 2474 similiter
901 2417 1005 2488 parati,
1027 2418 1053 2472 si
1073 2417 1159 2472 detur
1178 2416 1311 2480 facultas,
1326 2417 1436 2473 domini
1455 2418 1668 2493 archiepiscopi

615 2504 706 2575 patris
724 2502 815 2557 uentu
839 2519 871 2556 ec
896 2506 1009 2556 nostres
1035 2500 1157 2571 iujurias
1185 2502 1323 2572 prosequi
1348 2510 1377 2556 et
1396 2502 1467 2574 jura
1484 2520 1666 2561 conservare.

615 2590 762 2643 (imterum
781 2586 851 2657 quia
870 2602 1044 2656 quoeunque
1058 2586 1202 2640 instinctu
1220 2585 1349 2641 noudum
1367 2586 1405 2642 lis
1425 2586 1572 2645 internos
1590 2596 1669 2646 mete

614 2671 789 2743 conquievit,
803 2687 856 2725 nco
875 2669 969 2725 adhuc
989 2686 1106 2725 manum
1126 2687 1209 2724 suam
1227 2670 1372 2726 cohibete
1391 2670 1542 2727 vexatione
1560 2680 1667 2739 noan-s,

614 2758 727 2813 ceritati
756 2762 863 2813 vestrm
894 2773 994 2809 omncs
1023 2754 1221 2826 supplicamus
1249 2756 1398 2819 attentius,
1425 2762 1568 2826 quatenus
1593 2759 1669 2813 siout

614 2842 745 2913 erupistis
764 2858 818 2913 pro
837 2857 935 2895 amore
948 2838 1002 2893 Dei
1024 2843 1053 2892 ct
1071 2839 1192 2907 gloriosi
1205 2839 1345 2909 martyris
1363 2838 1482 2894 Thomoe
1493 2843 1665 2907 reverentie,

614 2927 755 2997 justitiam
777 2932 907 2979 nostram
927 2926 1025 2978 fovere
1046 2924 1248 2994 perseveretis,
1263 2932 1296 2978 ut
1307 2941 1359 2978 nos
1376 2924 1460 2979 vobis
1477 2925 1666 2999 obligatiores

610 2986 642 3066 et
660 3010 780 3065 ‹sfficiosi
803 3009 961 3063 debeamus
981 3008 1117 3069 existere,
1141 3013 1324 3063 etruscum
1346 3009 1464 3078 justitia
1481 3018 1724 3084 converteturp„

614 3098 644 3150 iu
664 3094 810 3165 judicium
838 3100 966 3147 ext-remo
997 3092 1137 3155 examine,
1154 3092 1278 3162 justitiis
1302 3092 1465 3149 mercedem
1496 3098 1661 3167 reportetis.

613 3180 720 3237 Valeat
741 3178 878 3234 sauctitas
898 3184 997 3233 vestre
1015 3193 1132 3245 semper
1150 3176 1179 3231 iu
1199 3176 1332 3233 Domino.

697 3370 834 3427 LXXVI.
874 3370 1009 3425 Heroum
1029 3382 1125 3423 rmour
1145 3368 1313 3424 correxere
1333 3370 1584 3426 (timuissemus.¹

647 3491 783 3545 Fecimus
803 3490 880 3560 quod
898 3487 1058 3543 mandastis
1078 3506 1131 3559 per
1156 3488 1196 3543 H.
1223 3506 1347 3559 puerum
1372 3496 1514 3557 nostrum,
1540 3510 1666 3563 quoeun-

612 3592 668 3646 que
688 3574 867 3644 gravamine,
891 3590 942 3627 sos
965 3572 1116 3643 providete
1135 3572 1317 3643 diligentius,
1339 3582 1373 3629 ut,
1392 3575 1418 3629 si
1437 3575 1512 3630 otius
1530 3588 1662 3633 mutuum

609 3658 789 3730 acceperitis,
817 3658 894 3727 qumi
913 3657 990 3729 apud
1008 3675 1060 3711 uos
1079 3657 1130 3711 sat
1156 3657 1272 3723 solutio,
1307 3670 1426 3731 propter
1454 3660 1571 3717 viarum
1589 3663 1664 3734 peri·

608 3744 672 3798 ruta
692 3748 722 3796 et
741 3742 932 3797 transterendi
955 3741 1164 3797 difficultatem.
1203 3741 1303 3799 Notito
1327 3747 1424 3799 tamen
1443 3744 1479 3799 de
1498 3746 1662 3819 sumptibus

607 3829 719 3891 timere,
759 3826 914 3882 dummodo
951 3826 1070 3899 possitis
1104 3827 1254 3897 nogotium
1288 3834 1456 3901 susceptum
1493 3830 1660 3903 adimplere.

609 3913 762 3983 Rescripta
780 3912 857 3965 enim
872 3930 936 3981 qum
956 3910 1119 3982 impetrat-is
1139 3920 1168 3965 et
1186 3910 1296 3967 domini
1311 3930 1394 3985 papas
1413 3915 1550 3973 insudate
1567 3917 1660 3973 arohi-

607 3998 760 4069 episcopus
781 4015 833 4052 uec
852 3996 983 4060 attendit,
1005 3996 1103 4051 statim
1125 4014 1192 4051 cum
1212 3996 1405 4068 porriguntur
1422 3999 1458 4054 do
1477 4000 1660 4073 salsaeppel·

607 4084 669 4137 taus
689 4082 887 4153 suggestione,
914 4087 943 4136 ct
967 4082 997 4136 iu
1015 4081 1165 4137 voluntate
1194 4100 1247 4137 sua
1264 4082 1437 4154 perdurans,
1459 4084 1606 4143 confidens
1630 4087 1725 4143 inm

606 4168 786 4239 principibus
812 4174 841 4223 et
860 4167 889 4221 iu
909 4166 976 4221 tiliis
1004 4165 1164 4221 hominum.
1204 4166 1320 4221 Revera
1344 4168 1401 4224 uisi
1427 4169 1562 4227 dominus
1586 4188 1661 4244 papa

607 4254 662 4308 sibi
682 4253 794 4308 caverit
814 4258 844 4307 ot
862 4250 994 4306 ecclesius
1014 4250 1070 4305 Dei
1092 4251 1121 4303 iu
1143 4268 1229 4321 opere
1250 4251 1306 4306 istc
1329 4252 1406 4323 quod
1425 4254 1659 4328 archiepiscopus

606 4337 730 4392 iuteudit
750 4337 874 4405 erigere.
890 4335 976 4389 etium
1000 4334 1194 4390 sacerdotium
1215 4336 1245 4389 iu
1264 4353 1352 4391 marus
1370 4338 1450 4407 regis
1472 4338 1660 4395 concludetur

605 4422 632 4475 iu
653 4422 771 4491 rtugtiu,
793 4436 821 4475 ct.
841 4420 875 4473 do
896 4419 1098 4474 (funium-icum
1120 4424 1215 4473 astum
1236 4432 1281 4473 cst:
1299 4422 1431 4485 ccclesia,
1454 4422 1531 4477 sieut
1548 4423 1660 4481 audisi-

604 4524 668 4559 ums
693 4505 952 4572 Rothomugcusem
972 4503 1288 4575 a1·chiolsiseolirsm²in
1307 4506 1437 4560 conclusi
1465 4506 1574 4563 dixisse
1594 4526 1659 4563 eum

605 4590 706 4644 intimo
726 4589 861 4658 suspirio,
886 4590 935 4660 qui
959 4600 1140 4643 secretorum
1165 4589 1274 4644 domiui
1298 4591 1380 4659 regis
1399 4592 1533 4647 conscius
1552 4600 1605 4657 est,
1628 4600 1660 4648 ut

603 4672 704 4737 erit-is;
734 4671 884 4737 “Certe''
905 4672 1009 4744 iuquit,
1033 4672 1118 4729 “rusi
1138 4672 1282 4729 Dominus
1311 4674 1483 4731 cristodicrit
1509 4682 1539 4733 et
1567 4678 1657 4735 saneti

635 4916 640 4942 ¹
660 4913 724 4963 This
746 4912 819 4962 letter
842 4924 945 4974 appears
967 4918 993 4959 to
1016 4910 1047 4957 be
1070 4924 1102 4959 an
1123 4894 1127 4947 i
1157 4913 1359 4977 Lincoln‚1183;
1372 4918 1657 4983 archbishopofRoueu.

599 5008 696 5043 ausser
707 5000 734 5041 to
745 4991 806 5041 Nos.
819 4990 849 5039 L.
862 4991 912 5039 end
924 4989 968 5037 121.
1157 4998 1310 5047 iles-1205.

632 5076 642 5102 ¹
659 5071 755 5121 Walter
765 5070 796 5119 ot
806 5068 955 5130 &succes
967 5067 1058 5135 btshop
1075 5070 1106 5118 ot
1120 5044 1125 5121 i
