4192 6392
911 1192 937 1244 ὅ
1447 1239 1461 1255 .

864 1253 1051 1302 aeesrmx.
1423 1235 1487 1304 507

438 1433 554 1503 publice
579 1432 679 1495 scitur,
700 1438 761 1487 tote
788 1432 867 1485 exilii
894 1434 941 1486 sui
968 1431 1119 1503 septennio
1145 1430 1256 1500 suffrag
1237 1430 1336 1484 ‹raneis
1365 1429 1428 1484 suis
1459 1434 1489 1482 et
1546 1438 1615 1480 After

438 1516 587 1570 monachis
606 1517 667 1570 suis
687 1517 845 1570 factust
800 1522 845 1570 est
863 1522 1001 1586 tanquam
1019 1521 1152 1570 mortuus
1172 1533 1189 1568 a
1207 1515 1312 1580 corde;
1332 1514 1391 1568 nisi
1410 1512 1489 1583 quod
1503 1555 1525 1599 s
1519 1488 1651 1598 Λτῖᾈηξδξῠ

438 1600 559 1670 plurimi
571 1599 699 1664 illorum,
714 1618 732 1654 a
743 1601 850 1670 quibus
862 1600 991 1654 remedia
1008 1600 1131 1654 meliora
1148 1600 1292 1669 sperabat,
1313 1597 1488 1652 addiderunt
1503 1606 1590 1649 similar
1598 1607 1636 1649 aa

439 1682 569 1738 delorem
588 1700 675 1754 super
694 1683 861 1737 dolorem
835 1701 909 1754 ejus
939 1683 999 1737 Seli
1012 1701 1082 1737 vero
1095 1681 1204 1745 cleriei,
1219 1700 1285 1736 eum
1299 1699 1332 1735 eo
1345 1687 1375 1735 et
1386 1697 1439 1751 pro
1452 1696 1487 1734 eo
1502 1668 1560 1709 ⁸¹⁸¹*

438 1767 603 1837 proscripti,
624 1767 745 1820 eidem
738 1785 768 1820 ιιι
785 1784 878 1837 agone
897 1784 949 1821 suo
964 1767 1090 1821 fideliter
1109 1773 1138 1821 et
1156 1765 1284 1820 filialiter
1303 1761 1486 1819 adstiterunt.

439 1850 606 1922 Propterea,
626 1851 763 1905 restituta
781 1852 808 1905 ei
825 1851 1007 1906 simulatorie
1024 1869 1105 1921 paee,
1118 1867 1271 1921 regressus
1290 1849 1321 1902 in
1338 1848 1487 1918 Angliam,

439 1935 516 1989 sicut
533 1934 623 1989 verba
650 1940 680 1988 et
704 1935 814 2005 scripta
839 1953 958 1989 suerum
984 1935 1101 2004 publice
1127 1933 1302 2006 perhibent,
1318 1932 1355 1988 ad
1380 1933 1490 1986 instau-

438 2019 582 2073 rationem
601 2018 733 2072 ecolesiae
750 2019 829 2073 beati
849 2019 999 2089 Stephani,
1020 2037 1108 2089 quam
1133 2024 1250 2073 sanetus
1268 2017 1426 2071 Anselmus
1445 2015 1490 2069 in·

439 2107 566 2171 ceperat,
587 2100 758 2156 ferventiori
777 2103 873 2158 studio
891 2108 1025 2157 votasua
1042 2101 1232 2157 circumtulit.
1271 2100 1329 2156 Sed
1347 2098 1488 2169 martyrio

440 2185 684 2240 consummatus'
676 2204 706 2239 ιιι
724 2184 808 2240 brevi
825 2186 962 2241 affectum
979 2204 1038 2240 nen
1055 2185 1214 2239 mandavit.

475 2269 613 2323 Vidimus
636 2286 836 2324 successorem
863 2288 927 2324 mar
929 2270 1012 2340 tyris,
1032 2269 1193 2323 Ricardum
1217 2268 1300 2322 bonae
1326 2266 1647 2330 memoriaemartino

439 2353 510 2408 licet
528 2352 564 2406 de
584 2353 699 2423 gremio
718 2353 936 2409 Cantuariensis
955 2353 1086 2408 ecclesiae
1105 2352 1218 2415 luisset,
1198 2350 1372 2423 tejusdem
1383 2367 1487 2421 propo·
1504 2322 1608 2415 fflflm

441 2436 491 2491 siti
510 2436 657 2490 desiderio
676 2443 863 2500 metuentem,
883 2436 915 2489 in
931 2437 987 2490 hoe
1004 2443 1104 2490 tamen
1122 2435 1255 2490 diversus
1274 2451 1292 2488 a
1310 2435 1371 2488 suis
1390 2434 1489 2488 deces—
1501 2423 1652 2476 ⁸¹¹¹¹¹¹⁸W¹⁸¹¹

440 2520 555 2575 soribus
568 2525 640 2579 crat,
650 2519 728 2588 quod
741 2519 818 2590 apud
826 2519 1046 2574 Maideneston¹
1058 2524 1146 2591 propt
1146 2537 1178 2572 er
1190 2518 1287 2572 varias
1296 2516 1352 2571 loci
1364 2533 1489 2571 commo·

440 2603 546 2659 ditates
558 2602 719 2657 transferre
733 2603 822 2657 situm
835 2603 966 2658 ecelesiae
979 2602 1169 2674 disponebat;
1188 2606 1391 2655 verumtamen
1402 2599 1489 2654 homo

440 2687 564 2758 simplex
582 2692 612 2741 et
636 2694 816 2750 mansuetus,
836 2693 866 2742 et
889 2687 975 2742 valde
1002 2687 1175 2750 tractabilis,
1195 2686 1232 2740 ad
1250 2684 1490 2755 urgentissimam

441 2771 488 2827 sui
506 2770 613 2840 prioris
637 2775 724 2839 atque
749 2777 907 2826 conventus
935 2771 1103 2826 instantiam
1129 2768 1290 2840 suspendit.
1327 2767 1489 2838 Negotium

441 2855 532 2909 etiam
551 2853 714 2908 affectionis
733 2871 768 2907 ex
786 2853 926 2909 dilatione
945 2855 1059 2926 torpuit
1077 2860 1107 2909 e
1095 2853 1232 2909 tceeidit
1249 2851 1287 2905 ad
1304 2851 1460 2905 defectum.

476 2938 555 2992 Huic
592 2937 768 2993 succedens·
779 2939 872 2993 beatae
901 2938 1110 2993 recordationis
1139 2937 1318 3006 Baldvvynus
1348 2933 1491 3005 archiepi·
1505 2924 1632 3020 {poplitis

441 3039 555 3092 scopus,
570 3039 643 3091 opus
655 3027 880 3086 antecessorum,
901 3022 979 3093 quod
996 3040 1076 3077 mors
1094 3021 1201 3085 invida,
1215 3020 1356 3074 bonerum
1368 3036 1542 3120 operumhh
1504 2988 1610 3080 ihortby

440 3105 612 3176 pervertrix,
633 3106 717 3175 quasi
737 3106 827 3160 telam
845 3123 863 3160 a
880 3111 996 3160 texente
1021 3105 1195 3168 succiderat,
1215 3103 1374 3158 reformare
1393 3101 1491 3157 stude·
1504 3077 1628 3123 ΝΜ

441 3189 501 3244 bat.
547 3188 587 3242 Et
614 3205 681 3243 ecce
707 3189 844 3244 inimicus
862 3189 949 3243 homo
968 3188 1213 3259 superseminavit
1231 3187 1352 3250 zizania,
1371 3191 1489 3240 vertens

442 3273 473 3327 in
490 3272 642 3326 materiam
661 3273 791 3327 scandali
809 3272 950 3345 quicquid
969 3272 1006 3328 ad
1024 3290 1177 3327 commune
1196 3270 1399 3342 compendium
1416 3269 1490 3323 cari·

442 3363 487 3411 tas
506 3354 667 3410 ordinabat.
703 3356 783 3411 Pene
801 3375 819 3411 a
837 3357 985 3411 memoriae
1005 3374 1078 3410 meae
1091 3356 1158 3410 sinu
1179 3355 1327 3410 evolverat
1339 3352 1488 3424 quiddam,

443 3439 520 3511 quod
539 3440 600 3493 sine
619 3440 803 3494 conscientia
828 3439 966 3509 scrupulo
990 3440 1108 3495 silentio
1131 3437 1268 3493 claudere
1285 3441 1337 3492 aut
1354 3437 1492 3491 dissimu-

442 3524 503 3578 lare
521 3541 580 3578 non
597 3540 722 3594 possem.

568 3645 587 3682 e
767 3643 785 3680 e
964 3643 982 3680 e
1160 3644 1178 3681 ιι
1356 3645 1375 3680 ιι

460 3806 614 3863 DLXXII.
653 3809 806 3862 Exrmcra
823 3824 861 3862 rx
878 3809 1061 3866 Manrmeero
1079 3811 1225 3866 Ecetram
1243 3812 1481 3868 Omrumrsrsis.

479 3923 540 3976 xiii.
559 3923 617 3977 kal.
639 3923 780 3978 Februar.
829 3923 892 3979 Ode
922 3925 1010 3981 abbas
1041 3926 1078 3980 de
1108 3927 1202 3992 Bello,
1235 3929 1381 3999 quondam
1411 3927 1493 3999 prior
1523 3933 1578 3978 al).
1587 3936 1649 3980 1200.

444 4007 586 4081 Ecclesiae¹
605 4006 718 4061 Christi
737 4006 913 4062 Cantuariae.

478 4091 535 4145 xiv.
554 4089 612 4144 kal.
632 4090 743 4145 Martii.
779 4091 856 4146 Item
874 4091 947 4147 obiit
964 4093 1020 4165 piae
1032 4096 1182 4150 memoria
1194 4096 1493 4168 Ricardusarehiepi·
1523 4096 1579 4141 al).
1587 4100 1645 4142 11⁸4

443 4191 559 4245 scopus,
590 4174 751 4229 monachus
781 4181 889 4230 nostrae
919 4179 1165 4249 congregationis,
1198 4182 1249 4251 qui
1279 4181 1418 4236 ecclesias
1455 4179 1491 4233 de

442 4259 550 4324 Estria,
571 4259 607 4313 de
634 4259 835 4325 Moneketone‚
855 4260 891 4316 dc
908 4259 1064 4333 Mepeham
1091 4269 1121 4320 et
1145 4264 1182 4319 de
1208 4264 1390 4336 Eynesforde
1408 4263 1491 4317 nobis

443 4344 583 4400 restituit.

478 4429 542 4482 viii.
569 4428 636 4481 idus
659 4428 771 4483 Martii.
808 4427 886 4483 Item
913 4428 986 4484 obiit
1003 4429 1172 4484 Willelmus
1200 4428 1235 4483 de
1259 4427 1417 4499 Eynelord,
1438 4426 1492 4498 qui

444 4510 525 4566 dedit
543 4511 673 4565 ecclesiae
696 4510 808 4566 Christi
835 4512 990 4566 ecelesiam
1017 4513 1054 4567 de
1082 4512 1248 4583 Eynesford
1275 4521 1304 4568 et
1322 4513 1491 4583 Bokynges,

445 4593 522 4665 quod
540 4592 635 4648 tenuit
652 4593 688 4647 dc
707 4593 809 4647 eadem
828 4595 952 4649 ecelesia
969 4613 1023 4666 per
1040 4595 1149 4665 viginti
1168 4595 1286 4650 solidos.

481 4677 543 4732 viii.
564 4677 636 4731 Idus
655 4677 778 4747 Aprilis.
816 4677 893 4732 Item
911 4680 985 4734 obiit
1003 4678 1148 4734 Ricardua
1174 4697 1234 4742 rex,
1257 4680 1308 4744 eui
1335 4679 1368 4733 in
1391 4696 1494 4749 regern
1519 4691 1642 4737 alanta

445 4766 606 4832 promotus,
621 4760 772 4814 libertates
792 4778 864 4831 quas
877 4768 961 4831 pater
974 4762 1038 4833 ejus
1051 4762 1198 4817 Henrieus
1210 4780 1271 4826 rex,
1287 4769 1317 4818 et
1328 4769 1495 4819 antecessor

446 4845 536 4908 illius,
558 4844 689 4898 eeclesia
709 4843 820 4899 Christi
839 4846 1011 4910 contulerat,
1032 4846 1177 4901 concessit
1195 4852 1225 4901 et
1251 4853 1331 4902 emta
1358 4865 1411 4903 sua
1429 4864 1496 4902 con·

447 4927 584 4981 firmavit.
620 4926 680 4981 Hie
698 4927 788 4981 etiam
806 4944 893 4982 eruce
918 4935 1039 5000 accepta
1064 4946 1132 4982 cum
1156 4929 1390 4999 proficisceretur
1408 4930 1496 4985 Jeru-

410 5051 415 5061 .
448 5011 541 5065 salem
559 5010 679 5066 veniens
699 5050 895 5066 .....
914 5012 1072 5068 conventui
1093 5012 1226 5069 ecclesiae
1244 5013 1357 5070 Christi
1374 5014 1496 5070 boscum

766 5168 773 5200 ¹
790 5159 976 5236 Meideneetoa]
995 5169 1032 5220 M.
1050 5184 1110 5232 non,
1126 5169 1182 5223 MS.
