4192 6392
552 1236 555 1242 ι
652 1140 719 1205 556
990 1136 993 1145 '
1081 1151 1271 1210 sermm

530 1331 598 1377 sues
652 1325 790 1400 “ipsum
806 1326 854 1383 vel
878 1327 980 1393 elium,
1007 1326 1129 1392 sicum,
1150 1325 1265 1383 scilicet
1285 1325 1326 1382 ah
1340 1324 1614 1399 archiepiscopatu,
1633 1323 1718 1381 ioh-s

483 1381 639 1497 &0¹:2¹4
652 1412 672 1437 ‘⁶
691 1409 840 1466 modicum
851 1417 968 1483 tempus
980 1409 1173 1466 consimiliter
1190 1426 1250 1465 nou
1261 1408 1404 1482 depono.”
1421 1406 1483 1466 Vix
1492 1409 1627 1465 verbum
1639 1408 1715 1464 emi·

480 1500 614 1548 succesit¹
650 1498 739 1560 serat,
758 1497 790 1549 et
806 1511 880 1550 crux
896 1511 986 1550 sures
1009 1510 1076 1566 quse
1100 1497 1168 1549 ente
1186 1492 1292 1549 faciem
1309 1492 1375 1565 ejus
1391 1510 1411 1548 a
1430 1491 1617 1557 subdiacono
1634 1493 1710 1548 sere·

648 1574 745 1643 batur,
759 1583 826 1634 aute
837 1577 928 1648 pedes
944 1582 1061 1633 nostros
1072 1576 1167 1633 fructa
1183 1577 1304 1634 comsit
1330 1576 1465 1648 Cumque
1476 1592 1581 1632 omnes
1593 1573 1708 1632 turbsii

648 1655 811 1727 horrerent,
831 1659 951 1733 quidam
969 1654 1063 1715 irater
1081 1658 1197 1732 'l'empli
1214 1659 1261 1726 lt..
1281 1659 1346 1732 ejus
1371 1659 1564 1724 camerarius,
1583 1657 1706 1732 accepts

647 1744 732 1817 pallii
750 1743 798 1799 sui
815 1743 914 1807 fibula,
934 1742 1054 1798 esdem¹
1078 1743 1156 1809 sicut
1177 1744 1275 1816 potuit
1295 1760 1413 1800 crucem
1430 1742 1539 1799 baculo
1556 1741 1706 1815 alligsvit.

649 1827 721 1899 Ipsa
735 1844 807 1883 vero
824 1826 873 1881 die
891 1824 1019 1882 sotoro²
1036 1826 1182 1893 venimus,
1195 1827 1248 1882 ubi
1266 1833 1401 1899 arreptus
1426 1826 1514 1900 gravi
1531 1825 1704 1900 dysenteria

648 1910 686 1966 de
703 1910 822 1982 navigio
832 1925 927 1981 usque
935 1909 1105 1966 Ferrariam
1118 1911 1198 1977 fecit,
1217 1927 1271 1967 nec
1282 1927 1412 1983 unquam
1423 1917 1530 1983 postea
1539 1909 1701 1968 ascendes!

647 1994 679 2050 in
691 2011 801 2067 equum
817 1993 920 2057 alium,
937 1993 1023 2049 brevi
1039 1999 1138 2051 trsctu
1153 1995 1295 2068 temporis
1307 1995 1475 2068 exspiravit.
1503 1992 1577 2065 Ques
1589 1995 1700 2052 scimus

646 2076 804 2150 loquimur,
824 2083 855 2134 et
871 2095 938 2150 qua)
953 2077 1085 2134 vidimus
1101 2084 1256 2145 testamur,
1270 2083 1359 2151 atque
1376 2078 1482 2151 Ipsum
1499 2077 1596 2152 (lujus
1614 2077 1698 2136 testi·

645 2155 745 2217 monia
760 2161 916 2218 credibilis
932 2167 963 2218 et
984 2161 1100 2233 judicis
1124 2162 1273 2219 terribilis
1297 2163 1375 2220 fecta
1399 2170 1471 2239 sunt
1486 2163 1590 2230 nimis,
1608 2161 1698 2235 hujus

645 2245 816 2302 assertionis
833 2252 940 2303 testem
957 2253 989 2303 et
1001 2246 1134 2318 judicem
1151 2247 1332 2303 invocamus.

421 2337 424 2342 ·
479 2335 572 2383 mssa·
653 2363 660 2370 κ
681 2327 714 2384 Si
729 2331 878 2402 vqnsaritis
903 2348 969 2403 quse
993 2347 1042 2386 me
1068 2329 1142 2387 illuc
1158 2331 1250 2387 traxit
1266 2330 1390 2397 occasio,
1416 2329 1494 2397 dico,
1521 2331 1620 2387 Amor
1639 2347 1700 2387 am·

475 2388 598 2484 mm
644 2406 757 2478 borum,
788 2432 858 2470 nam
885 2414 919 2470 in
943 2413 1053 2471 scholis
1078 2410 1192 2470 Urbani
1216 2414 1314 2471 accius
1338 2419 1370 2471 et
1392 2413 1558 2488 discipulus
1582 2414 1697 2471 fueram

468 2486 592 2557 ‚mm
644 2495 840 2570 Baldevyni⁸
867 2502 939 2553 tunc
971 2503 1043 2553 vero
1072 2496 1207 2570 ejusdem
1240 2497 1451 2572 archiepiscopi
1477 2497 1698 2555 commensalis

643 2579 755 2638 Volens
773 2598 844 2654 ergo
862 2582 916 2637 uni
941 2580 1098 2638 subvenire
1123 2598 1178 2654 per
1201 2580 1337 2648 elternm,
1356 2597 1416 2638 non
1441 2580 1506 2638 siue
1530 2579 1697 2654 grevi‘dis·

643 2664 767 2728 crimine
782 2665 854 2722 vitas
870 2665 970 2735 injeci·
983 2681 1031 2720 me
1056 2665 1089 2720 iu
1111 2664 1194 2721 illius
1212 2660 1456 2722 controversionis
1480 2665 1695 2738 labyrinthum.

643 2746 779 2820 Sciebam
791 2747 870 2821 qnod
885 2748 1028 2820 magister
1042 2747 1174 2804 omnium
1185 2749 1358 2822 gratisrum
1369 2748 1455 2804 verbi
1471 2747 1576 2806 Divini
1586 2765 1695 2823 praeco,

641 2832 724 2890 tuba·
737 2831 893 2904 evaugelii
913 2832 958 2888 sal
979 2837 1078 2899 terra,
1096 2832 1201 2905 patr-ire
1218 2832 1328 2899 lumen,
1355 2827 1564 2904 religiosorum
1589 2833 1696 2907 gloria,

642 2914 758 2972 delicie
793 2915 860 2982 Dei,
897 2932 1014 2971 morum
1048 2916 1137 2982 fama,
1169 2914 1270 2972 schola
1297 2915 1451 2982 virtutum,
1480 2916 1698 2974 monachorum

642 2991 772 3071 quietem
788 3004 820 3056 et
835 2999 988 3072 publicum
1004 2999 1091 3072 regui
1113 2998 1299 3056 commodum
1321 2999 1505 3072 procurabat.
1542 2999 1700 3057 Bonarmn

642 3083 721 3139 enim
738 3084 882 3139 mentium
907 3083 1062 3140 institutor
1089 3082 1219 3155 Spiritus
1247 3082 1373 3140 Sanctus
1391 3083 1435 3140 sic
1453 3081 1649 3154 sdnpuverzt
1665 3091 1698 3142 et

640 3171 793 3238 aptaverat
810 3165 884 3233 Sibi,
903 3172 938 3222 ut
954 3164 1019 3222 Deo
1035 3171 1116 3223 totus
1133 3166 1280 3222 inherens
1304 3183 1381 3222 uuus
1406 3184 1475 3223 oum
1498 3166 1543 3222 llo
1568 3166 1698 3240 spiritus

640 3255 795 3315 essetnec
812 3266 904 3323 agens
922 3255 974 3306 aut
989 3249 1115 3323 loquens
1133 3249 1213 3323 quod
1224 3249 1332 3307 carim
1350 3267 1408 3307 non
1419 3249 1564 3307 condiret.
1600 3250 1645 3308 llt
1661 3257 1698 3310 ut

640 3351 777 3407 campum
795 3334 884 3406 hujus
910 3351 1015 3390 cursus
1041 3332 1117 3404 pede
1142 3332 1283 3389 inoffenso
1306 3339 1409 3390 currat
1425 3333 1590 3406 expeditior
1606 3335 1698 3391 intel·

585 3447 590 3458 ·
639 3417 742 3485 lectus,
762 3417 800 3474 sd
816 3417 977 3490 pleniorem
995 3416 1173 3472 evidentiam
1190 3417 1333 3489 propositi
1351 3417 1485 3489 quasdam
1503 3435 1571 3488 quse
1589 3435 1700 3491 oppor-

641 3507 712 3558 tuna
728 3503 803 3558 mihi
821 3502 906 3557 offert
920 3501 1044 3565 occasi0,
1059 3501 1230 3556 summatim
1247 3500 1446 3556 interserendo
1458 3501 1578 3557 decrevi
1596 3502 1697 3560 adhuc

639 3587 803 3641 viventium
830 3585 971 3639 memoria
989 3584 1165 3655 scriptisque
1184 3583 1307 3654 probate
1325 3585 1509 3639 authenticis.
1546 3584 1694 3653 Quando⁴

640 3671 718 3723 enim
736 3671 838 3725 beatus
857 3669 1013 3723 Anselmus
1032 3668 1069 3722 ab
1086 3668 1203 3738 Anglioe
1221 3686 1293 3739 rege
1311 3668 1460 3724 Willelmo
1478 3670 1607 3724 secundo
1626 3688 1696 3741 pro-

641 3755 767 3824 scriptus
786 3754 817 3807 in
836 3753 998 3807 Galliarum
1022 3751 1155 3823 partibus
1180 3752 1319 3816 exularet,
1340 3753 1395 3806 soli
1419 3752 1519 3807 clerici
1537 3753 1604 3823 ejus
1624 3773 1695 3809 cum

639 3853 673 3889 eo
691 3837 722 3890 in
740 3837 802 3891 suis
820 3836 1029 3892 tentationibus
1053 3840 1283 3906 permanserunt,
1303 3853 1356 3889 nec
1382 3854 1399 3890 o
1426 3835 1621 3907 suffraganeis
1642 3845 1695 3895 sut

638 3920 787 3974 monachis
806 3921 867 3974 suis
886 3920 980 3974 ullum
997 3919 1102 3975 habuit
1117 3919 1148 3972 in
1166 3925 1227 3973 tsm
1245 3919 1333 3989 longa
1345 3918 1523 3974 desolatione
1541 3921 1694 3978 solatium.

637 4002 732 4056 Morte
751 4004 844 4074 igitur
868 4004 1001 4074 praedicti
1028 4003 1119 4074 regis,
1139 4003 1241 4058 eedem
1259 4004 1317 4067 die,
1345 4022 1404 4074 qua
1430 4005 1461 4057 in
1484 4004 1598 4074 Anglia
1624 4024 1694 4077 per·

638 4092 753 4156 emptus
790 4093 844 4150 est,
876 4088 940 4141 viro
971 4086 1027 4140 Dei
1057 4086 1135 4159 apud
1171 4086 1350 4157 Lugdunum
1395 4088 1511 4142 ooelitus
1547 4089 1691 4155 revelata,

638 4177 756 4225 sanctus
775 4170 812 4226 ad
829 4172 948 4242 propriu
964 4171 1072 4235 rediit;
1092 4176 1122 4225 et
1139 4174 1274 4241 receptus
1298 4171 1329 4224 in
1348 4170 1524 4225 exultatione
1543 4173 1692 4228 universis

638 4260 734 4320 terrae,
754 4255 912 4310 inhonore
930 4254 1007 4308 beati
1034 4253 1177 4324 Stephani
1204 4254 1359 4308 ecclesiam
1381 4254 1557 4308 ‘clericorum
1579 4255 1690 4311 Cautu-

638 4339 798 4395 ariensium
821 4341 907 4411 juxta
929 4356 1028 4392 muros
1047 4338 1176 4393 civitatis
1203 4336 1357 4392 distinxit.⁶
1394 4336 1527 4408 Cumque
1553 4338 1595 4392 ibi
1613 4357 1692 4410 pras·

638 4424 747 4479 beudas
766 4425 801 4479 de
820 4421 1036 4496 parochialibus
1063 4421 1196 4478 ecclesiis
1221 4420 1258 4476 ad
1285 4438 1368 4475 suam
1392 4420 1579 4476 donatiouem
1599 4425 1692 4494 perti-

638 4511 772 4565 nentibus
791 4510 950 4571 ordinaret,
964 4513 1085 4562 vocatus
1104 4512 1150 4561 est
1167 4523 1185 4560 s
1202 4505 1336 4570 Domino¹
1351 4512 1511 4576 raptusque
1524 4506 1557 4559 iu
1568 4508 1689 4574 coelum,

639 4612 696 4665 quo
719 4593 845 4647 mundus
872 4609 930 4645 non
956 4596 1020 4644 erut
1038 4589 1155 4660 dignus,
1176 4592 1206 4642 et
1224 4588 1287 4658 ejus
1315 4588 1456 4643 desiderii
1474 4605 1532 4643 non
1550 4589 1693 4661 implevit

637 4678 782 4733 affectum.
817 4676 962 4730 Processu
987 4690 1057 4751 vero
1081 4673 1222 4743 temporis
1247 4673 1434 4727 beatissimus
1461 4681 1585 4744 martyr,
1612 4676 1693 4733 sicut

668 4919 675 4950 ι
693 4916 787 4982 eadem]
806 4916 916 4975 eandem,
930 4913 988 4964 MS,
1187 4910 1284 4970 Quove.
1300 4911 1376 4962 Peter
1387 4914 1437 4962 aud
1448 4912 1537 4962 Urban
1549 4929 1612 4980 may
1623 4916 1690 4967 hsve

666 5036 784 5088 rsutom
803 5034 945 5084 orl-moro·
983 5031 1079 5091 Qum
1182 4992 1281 5041 studied
1292 4991 1372 5041 either
1382 4999 1409 5040 et
1420 4991 1500 5041 Milsu
1512 5008 1542 5041 or
1553 5000 1580 5044 at
1590 4995 1691 5049 Melus.

786 5073 792 5095 '
1215 5070 1224 5100 ⁴
1244 5069 1364 5135 Quando]
1382 5071 1463 5133 Quos,
1474 5070 1531 5122 us,

667 5126 852 5218 'Buldewysfl
882 5152 1044 5217 vuldyvyny,
1072 5149 1129 5201 Ms.
1214 5149 1366 5216 ’distintiq
1386 5150 1517 5210 uerunt,
1531 5150 1590 5204 MS.
