4192 6392
602 1168 667 1230 216
885 1178 1057 1229 sslssotls:
1079 1174 1366 1239 usurusstsusss

452 1360 506 1453 Ap
516 1363 572 1404 1188.
603 1362 708 1410 caetero
726 1354 845 1426 aliquod
863 1355 996 1411 divinum
1014 1355 1140 1411 officium
1161 1353 1359 1419 celebrabunt,
1379 1353 1650 1408 excommunicatos.

435 1422 546 1515 Wehffi
604 1441 679 1495 Haec
703 1446 801 1496 autem
828 1458 895 1495 cum
923 1441 990 1496 aliis
1018 1440 1194 1511 quibusdam
1220 1437 1446 1512 pernecessariis
1472 1437 1503 1493 in
1520 1437 1654 1510 proximo

434 1523 573 1616 {mm
604 1525 762 1597 accipietis.
800 1524 884 1580 Unde
914 1526 1092 1581 confidenter
1122 1524 1202 1595 agite
1232 1531 1263 1580 et
1288 1527 1462 1588 constanter,
1491 1526 1522 1577 et
1547 1523 1654 1578 fratres

436 1623 480 1667 Ru
497 1623 592 1675 trigel
604 1610 801 1680 expectatione
819 1626 936 1664 morosa
953 1610 1103 1682 fatigatos,
1120 1627 1157 1664 ne
1176 1608 1207 1663 in
1225 1609 1281 1664 fine
1304 1608 1449 1672 deficiant,
1475 1607 1653 1669 confirmate,

435 1674 567 1774 imtsshssffl
604 1711 698 1764 neque
723 1694 907 1765 aliquatenus
933 1693 1087 1764 pervidere
1114 1710 1270 1765 possumus
1300 1698 1352 1748 aut
1380 1691 1547 1761 intelligere
1577 1688 1657 1762 quod

437 1774 580 1868 tavepowqr
605 1778 725 1833 miseria
760 1777 854 1849 possit
890 1783 999 1842 restra,
1039 1778 1130 1833 immo
1166 1776 1350 1833 concertandi
1386 1776 1517 1839 materia,
1544 1773 1655 1830 diutius

437 1828 579 1919 rbddfflm·
605 1861 752 1932 protelari.
779 1860 943 1917 Didicimus
961 1862 1041 1916 enim
1059 1879 1113 1934 per
1129 1862 1306 1933 magistrum
1317 1859 1479 1916 Radnlfnm
1489 1857 1655 1930 Nigellum,

462 1942 566 2015 s⁰2⁵⁷v⁰v
606 1943 685 2017 quod
702 1945 819 2014 legatus
847 1943 872 2000 si
897 1945 1020 2009 venerit,
1041 1945 1073 2000 in
1097 1950 1242 2016 potestate
1260 1962 1368 2016 magna
1384 1941 1492 1998 veniet.
1531 1940 1658 1997 Dabitur

436 2007 554 2097 {fflssff
606 2028 684 2082 enim
702 2027 729 2081 ei
754 2045 839 2098 posse
866 2028 1118 2101 archiepiscopum
1136 2028 1302 2099 ubicunque
1320 2026 1449 2099 positum
1467 2024 1656 2097 suspendere,

437 2104 581 2200 '‘sslquffid
606 2112 865 2177 excommunicare,
886 2119 916 2168 et
933 2130 1060 2184 reguum
1077 2112 1243 2184 Anglorum
1269 2129 1323 2183 pro
1348 2109 1475 2166 maxima
1492 2115 1576 2181 parte
1602 2108 1657 2165 sub

438 2209 537 2268 country
606 2195 759 2251 interdicto
776 2197 958 2251 concludere.
995 2197 1072 2252 Ecce
1098 2197 1176 2251 enim
1200 2213 1253 2268 pro
1270 2195 1354 2251 vobis
1372 2199 1484 2267 pugnat
1501 2193 1656 2257 Dominus,
1669 2199 1776 2248 smm-

438 2256 590 2350 fflf‘mm‘
606 2286 637 2335 et
654 2297 706 2350 per
723 2297 825 2352 regem
843 2281 1032 2345 Francorum,
1053 2281 1105 2353 qui
1122 2281 1260 2351 martyris
1286 2280 1379 2336 nostri
1403 2279 1478 2334 fovit
1498 2277 1656 2349 justitiam,

439 2373 487 2416 she
513 2374 519 2384 ·
556 2376 586 2436 'ot
606 2364 875 2434 martyrisridetur
895 2365 1098 2421 vindicaturus
1108 2365 1240 2437 injurias.
1263 2364 1423 2436 Nunquam
1435 2363 1544 2419 etenim
1557 2363 1659 2419 dicunt

439 2423 596 2527 diffiniit-
607 2448 826 2503 exercitatiores
850 2450 881 2504 in
906 2449 1026 2514 talibus,
1045 2466 1098 2505 rex
1123 2455 1222 2505 noster
1240 2449 1271 2504 in
1298 2455 1379 2505 arcto
1405 2448 1519 2520 positus
1538 2448 1605 2512 fuit,
1625 2452 1660 2502 nt

438 2526 712 2624 ffffiffiehodim
741 2533 798 2597 cui,
818 2551 886 2588 cum
904 2533 935 2587 in
959 2551 1026 2587 cum
1051 2550 1151 2588 omnes
1168 2533 1333 2605 insurgant,
1354 2549 1477 2605 quaeque
1501 2531 1583 2587 natio
1606 2549 1660 2604 pro

440 2626 530 2677 ktugor
608 2615 678 2671 facti
705 2617 751 2671 sui
773 2617 921 2672 atrocitate
940 2618 1078 2672 assistere
1103 2616 1282 2683 reformidat,
1312 2622 1457 2689 putantes,
1486 2622 1521 2672 ut
1545 2616 1657 2680 dicunt,

439 2676 591 2772 fflffiffe
607 2700 739 2755 ecclesiis
752 2700 971 2756 cantuariensis
989 2702 1044 2756 hac
1061 2702 1127 2756 rice
1146 2700 1241 2756 ultum
1259 2700 1297 2755 iri
1309 2701 1441 2772 injurias.
1478 2700 1542 2757 Rex
1560 2705 1659 2756 autem

438 2777 578 2871 “32¹5''th
607 2784 787 2840 Francorum
805 2786 956 2841 dominum
973 2786 1224 2857 archiepiscopum
1243 2787 1280 2841 ad
1299 2804 1366 2840 eum
1383 2787 1591 2842 transmissum
1605 2803 1659 2842 nee
1670 2795 1776 2842 sturm

440 2880 537 2934 cruelty.
607 2869 781 2924 salutatione
793 2870 931 2940 dignatus
944 2875 996 2935 est,
1010 2889 1065 2927 nec
1083 2888 1222 2942 responso
1233 2871 1291 2925 nisi
1308 2870 1443 2943 turpiori,
1457 2877 1487 2925 et
1504 2871 1536 2925 in
1554 2889 1614 2942 quo
1631 2870 1659 2925 ci
1671 2853 1724 2895 Μ

607 2953 817 3009 immanitatem
836 2972 894 3025 qua
905 2956 936 3009 in
953 2972 1006 3010 vos
1025 2961 1162 3028 operatus
1182 2961 1235 3020 est,
1256 2961 1291 3010 ut
1307 2955 1484 3022 audivimus,
1504 2955 1660 3011 infaciem

607 3038 722 3109 objecit.
760 3038 898 3094 Attamen
916 3046 998 3094 orate
1016 3057 1069 3111 pro
1087 3039 1332 3111 persequentibus
1358 3045 1388 3095 et
1413 3040 1659 3096 calumniantibus

606 3141 669 3188 ros,
684 3129 865 3194 expectantes
878 3122 935 3177 Dei
953 3123 1187 3179 misericordiam
1199 3125 1230 3178 in
1248 3125 1396 3195 patientia,
1417 3132 1447 3181 et
1463 3142 1582 3181 manum
1595 3123 1660 3197 ejus

607 3207 810 3278 aequanimiter
828 3207 1014 3264 sustinentes.
1051 3207 1166 3265 Valete.

438 2162 503 2206 topu

460 3470 580 3575 *stiffi
684 3468 862 3526 COXXXV.
901 3470 1053 3527 Hosonros
1073 3486 1157 3527 raros
1175 3486 1210 3527 nr
1229 3487 1302 3529 soon
1321 3471 1487 3529 Cosvssrur
1508 3471 1584 3529 Oss-

1051 3572 1213 3611 inmissa.

443 3673 562 3766 {efffsl’tffir
648 3678 731 3744 Quod
749 3678 831 3733 vobis
851 3679 1022 3750 scripsimus
1041 3680 1078 3736 de
1091 3689 1244 3737 executore
1263 3700 1281 3735 a
1292 3680 1384 3736 latere
1402 3680 1513 3736 domini
1526 3699 1608 3753 papio
1627 3680 1663 3735 ad

444 3774 587 3816 inonlsthst
612 3778 664 3815 vos
684 3763 916 3828 transmittenda,
936 3764 1010 3818 bene
1028 3767 1170 3821 traveritis
1189 3772 1220 3821 et
1234 3765 1319 3837 juxta
1337 3766 1516 3821 voluntatem
1534 3772 1665 3820 nostram

444 3825 584 3926 32&th
613 3846 778 3917 procedere,
800 3865 853 3901 nec
871 3866 922 3902 nos
942 3868 960 3902 a
985 3849 1132 3904 desiderio
1150 3857 1248 3906 nostro
1267 3851 1396 3905 fraudari
1422 3852 1451 3904 in
1479 3849 1587 3919 aliquo,
1607 3849 1663 3904 nisi

444 3926 582 4027 fieffiiiflpffl
614 3929 692 3999 quod
709 3949 756 3984 res
775 3931 917 4001 ruajorem
939 3951 1026 4002 quam
1053 3935 1242 4005 sperabamus
1261 3935 1339 4006 cepit
1366 3935 1543 3988 dilationem.
1582 3933 1665 4003 Quod

445 4026 545 4080 liappily.
614 4023 711 4069 tamen
753 4015 919 4071 nullatenus
958 4018 1187 4083 intercurrisset,
1232 4020 1258 4074 si
1296 4027 1330 4074 ut
1369 4019 1517 4074 Romanus
1557 4018 1664 4088 aliquis

614 4101 790 4165 mitteretur,
811 4101 858 4155 vol
876 4102 1042 4173 quicunque
1064 4104 1149 4169 alius,
1165 4104 1265 4159 faciles
1285 4105 1443 4159 fuissemus
1462 4103 1662 4174 adquiescere.

616 4184 762 4238 Craterum
788 4204 878 4240 uuum
905 4187 1064 4257 petivimus
1083 4207 1101 4242 a
1118 4188 1244 4252 domino,
1277 4188 1390 4243 scilicet
1419 4187 1569 4242 dominum
1589 4188 1665 4243 Osti·
1678 4177 1776 4229 Psmvii·

445 4275 603 4339 'stampense
616 4287 716 4323 ensem
734 4269 902 4340 episcopum
921 4271 1031 4325 ordinis
1044 4273 1135 4326 nostri
1155 4272 1336 4326 monachum.
1370 4272 1457 4326 Hune
1469 4273 1664 4341 requiremus,

446 4341 510 4421 {333¹
512 4330 561 4422 {31⁰3
570 4334 594 4373 ω
616 4373 703 4426 quma
723 4363 752 4408 et
763 4354 846 4409 nobis
860 4355 993 4410 dominus
1006 4374 1081 4427 papa
1099 4356 1146 4410 die
1166 4376 1223 4426 qua
1240 4356 1429 4427 presentium
1441 4356 1557 4427 bajulus
1577 4356 1668 4412 exivit

446 4430 562 4524 Qffil‘ffl
616 4461 633 4494 a
651 4439 745 4501 nobis,
766 4457 818 4510 per
843 4441 1037 4495 camerarium
1057 4459 1143 4495 suum
1161 4441 1310 4512 pollicitus
1330 4446 1376 4495 est
1393 4440 1550 4503 destinare,
1565 4440 1666 4495 adver·

616 4525 702 4579 seriis
720 4525 827 4578 nostris
847 4530 876 4578 et
894 4525 946 4595 qui
969 4526 1069 4579 fovent
1086 4529 1198 4596 partem
1216 4542 1318 4579 eorum
1336 4525 1368 4578 id
1387 4525 1481 4579 solum
1500 4525 1666 4596 agentibus,

616 4617 649 4664 ut
675 4609 700 4663 is
726 4627 783 4663 non
810 4610 984 4674 mitteretur,
1013 4610 1121 4681 quippe
1147 4609 1183 4662 de
1210 4608 1276 4663 aliis
1304 4626 1386 4680 spem
1404 4609 1545 4663 baberent
1569 4628 1668 4680 quam·

615 4710 739 4762 cunque,
761 4694 839 4763 quod
863 4695 949 4749 modo
977 4693 1076 4764 aliquo
1100 4693 1207 4747 mutari
1232 4699 1350 4764 possent
1375 4698 1426 4747 aut
1450 4693 1611 4764 eorrumpi,
1631 4693 1667 4748 de

615 4781 672 4835 isto
697 4778 817 4834 nullam.
856 4778 993 4833 Exultatc
1018 4779 1118 4849 itaque
1143 4778 1174 4832 in
1202 4778 1335 4840 Domino,
1364 4784 1395 4831 et
1420 4778 1525 4832 fratres
1553 4784 1668 4833 nostros

614 4868 792 4928 confirmate,
813 4863 883 4933 quia
900 4861 1043 4917 exaudita
1063 4869 1131 4916 sunt
1148 4862 1303 4933 petitiones
1322 4868 1428 4916 noemae
1447 4867 1477 4916 et
1493 4867 1610 4927 vestrae,
1636 4867 1670 4915 ut

615 4951 771 5014 credimus,
786 4947 864 5019 apud
882 4946 986 5010 Deum,
1001 4952 1032 5000 et
1047 4946 1166 5001 videtur
1178 4946 1312 5002 dominus
1331 4963 1406 5017 papa
1418 4945 1554 5001 Clemens
1567 4964 1669 5001 aurem

615 5034 776 5090 clementiae
812 5050 872 5086 suae
903 5035 933 5085 et
966 5030 1096 5085 animum
1134 5031 1356 5086 necessitatibus
1384 5030 1492 5085 nostris
1514 5030 1667 5094 inclinare,

615 5118 787 5175 clementius
806 5133 895 5187 supra
912 5132 994 5186 spem
1012 5114 1182 5182 multorum,
1197 5120 1226 5171 et
1238 5121 1339 5172 contra
1361 5115 1485 5172 consilia
1501 5114 1669 5186 principum
