4192 6392
619 1141 683 1208 186
901 1154 1075 1218 seurota
1097 1156 1385 1223 clarummane,

465 1461 586 1569 Ἧι
700 1454 793 1513 0011.
831 1455 995 1514 Asnaum
1014 1457 1180 1516 converser
1199 1457 1394 1517 Cauaracsssr
1413 1456 1584 1519 Oosvssras

1024 1542 1263 1601 cammarus.

449 1701 603 1748 nommant
652 1693 804 1767 Susceptis
823 1696 986 1752 sanctitatis
1011 1704 1117 1753 vestrae
1141 1698 1283 1770 apicibus,
1305 1699 1413 1771 quibus
1437 1712 1490 1753 nos
1513 1696 1544 1750 in
1562 1696 1671 1753 amari·

448 1753 590 1856 ssfflffi
615 1777 718 1833 tudine
736 1785 836 1834 nostra
853 1781 1046 1847 amarissima,
1066 1788 1167 1837 vestra
1189 1783 1311 1839 visitare
1336 1788 1367 1838 et
1383 1781 1529 1839 consolari
1547 1778 1672 1853 dignata

446 1853 598 1950 ‹iibroen'l'dl
617 1868 664 1917 est
681 1862 810 1928 dilectio,
831 1864 928 1935 ganisi
950 1883 1051 1920 sumus
1076 1867 1185 1938 gaudio
1202 1885 1320 1938 magno,
1341 1873 1371 1924 et
1388 1866 1425 1922 de
1444 1864 1538 1922 sancti
1559 1864 1669 1919 amoris

448 1917 605 2002 tsaiilas.
616 1947 709 2002 vestri
727 1946 875 2002 desiderio
893 1955 924 2004 et
941 1949 1074 2007 caritatis
1093 1952 1218 2016 fervore,
1237 1971 1325 2024 quam
1342 1969 1396 2007 nec
1414 1953 1572 2024 potuerunt
1584 1965 1669 2018 aqum

616 2033 847 2102 praeterfluentes
883 2036 1064 2106 extinguere,
1100 2036 1296 2092 exultavimus
1326 2041 1357 2094 et
1386 2032 1523 2091 delectati
1553 2049 1667 2087 snmus.

615 2115 691 2172 Vooi
709 2117 788 2171 enim
805 2123 912 2174 vestrae
929 2120 992 2175 vita
1015 2119 1179 2184 concordat,
1200 2120 1335 2176 affectum
1359 2119 1449 2176 animi
1473 2117 1604 2189 operatio
1622 2115 1668 2170 in·

617 2200 713 2266 dicat;
739 2201 811 2256 odor
828 2203 911 2258 bonae
935 2203 1080 2275 opinionis
1103 2204 1140 2259 ad
1164 2221 1293 2259 amorem
1318 2203 1529 2259 familiaritatis
1546 2200 1665 2265 invitat,

617 2303 669 2340 nec
687 2285 829 2356 estquod
847 2287 1011 2343 sanctitatis
1030 2289 1206 2344 suavitatem
1223 2306 1281 2344 non
1293 2287 1431 2351 redoleat,
1446 2287 1472 2342 si
1491 2285 1557 2358 quis
1576 2300 1667 2356 opera

615 2370 714 2427 verbis
733 2389 858 2426 consona
875 2372 1014 2427 subtilius
1027 2371 1167 2428 attendat.
1214 2372 1293 2428 Hinc
1306 2377 1351 2427 est
1364 2371 1443 2444 qnod
1455 2376 1563 2425 sanctoe
1575 2367 1667 2425 dilec-

615 2455 704 2510 tionis
730 2462 837 2511 vestrae
865 2457 991 2527 gratiam
1013 2475 1072 2512 non
1097 2456 1133 2510 de
1158 2457 1273 2512 meritis
1299 2456 1417 2520 nostris,
1447 2454 1500 2511 sed
1523 2454 1559 2509 de
1582 2469 1668 2508 mera

615 2539 792 2594 liberalitate
811 2540 901 2597 vestri
921 2541 1029 2614 adepti,
1050 2542 1235 2613 gratulamur
1249 2546 1280 2596 et
1297 2541 1460 2612 gloriamur
1479 2539 1509 2594 in
1527 2537 1665 2602 Domino,

616 2624 647 2678 in
665 2623 728 2693 Quo
746 2625 969 2681 universitatem
986 2633 1116 2682 vestram
1133 2625 1316 2681 miserabiles
1335 2631 1366 2680 et
1380 2623 1508 2679 mendici
1525 2638 1666 2693 rogamus

616 2715 647 2764 ot
672 2708 859 2764 obsecramur
885 2710 1033 2776 attentius,
1055 2716 1198 2781 quatenns
1223 2728 1276 2782 pro
1300 2708 1384 2764 uobis
1409 2707 1529 2763 Patrem
1551 2706 1804 2762 miseri-aconas.

616 2792 783 2848 cordiamm
801 2803 831 2848 ct
854 2793 950 2848 Deum
968 2796 1059 2850 totius
1078 2795 1283 2851 consolationis
1302 2810 1422 2848 exorare
1440 2790 1613 2864 dignemini,
1633 2795 1669 2846 ut

617 2876 695 2950 Ipse,
716 2877 808 2948 Cujus
830 2885 876 2933 est
892 2879 1027 2934 misereri
1053 2885 1083 2934 et
1105 2897 1234 2951 parcere,
1255 2882 1442 2933 eonvertatur
1467 2882 1497 2932 et
1520 2875 1666 2947 ignoscat,

448 3053 482 3096 Th
546 3055 552 3098 l
617 2968 655 3100 ei,
663 2961 833 3116 relincppens
851 2968 918 3034 post
931 2962 1218 3103 St⁰db1en⁰di⁰ffiffifflln
1230 2962 1332 3102 uisitetrtt3
1345 2961 1447 3099 nosDin
1464 2959 1805 3100 iimtzrihffifiili

483 3066 570 3098 euror-
616 3064 636 3099 u
657 3064 710 3101 eu.
774 3066 824 3102 ura
840 3066 940 3102 nones
986 3066 1049 3102 oor
1068 3066 1130 3103 sreu
1176 3065 1302 3102 oornos
1333 3066 1358 3101 r.
1426 3061 1573 3101 ommuse
1604 3062 1669 3100 mm
1792 3077 1810 3089 ω

447 3104 595 3200 ch,
616 3136 646 3185 et
666 3137 749 3202 pater
772 3137 872 3187 noster
891 3131 1110 3188 cantuariensis
1129 3132 1377 3203 archiepiscopus,
1397 3131 1428 3185 in
1446 3129 1670 3186 subversionem

447 3206 587 3250 mmmm
616 3214 748 3270 ecolesim
777 3222 884 3270 nostra
912 3220 942 3270 et
972 3214 1082 3271 ordinis
1112 3215 1275 3279 monastici,
1307 3215 1462 3270 aeclesiam
1492 3213 1669 3269 clericorum

447 3259 594 3352 iiiiii'ss't‘
612 3298 698 3371 juxta
715 3317 767 3354 nos
786 3299 929 3364 fundavit,
950 3304 980 3354 et
998 3299 1068 3371 quia
1084 3299 1116 3354 in
1128 3299 1314 3372 dispendium
1327 3298 1438 3354 ordinis
1457 3299 1669 3355 ethonestatis

448 3357 578 3401 tiouolthe
936 3385 942 3397 ·
1228 3385 1234 3396 .
1401 3383 1418 3396 ..
1528 3383 1534 3395 .
1619 3383 1625 3397 .

447 3390 722 3458 „nhumhnostra
755 3385 886 3455 praebere
917 3401 943 3438 er
975 3403 1127 3439 assensum
1156 3384 1313 3449 noluimus,
1344 3402 1436 3440 varus
1466 3388 1497 3438 et
1525 3381 1668 3440 inauditis

448 3470 565 3558 gssgffi
616 3468 711 3523 affecti
731 3487 832 3523 sumus
851 3469 1013 3540 suppliciis,
1040 3469 1122 3523 duris
1150 3474 1181 3524 et
1203 3467 1342 3524 indebitis
1368 3468 1500 3540 oppressi
1525 3468 1667 3539 angariis,

449 3558 565 3619 ructator
615 3552 698 3607 novis
717 3560 747 3606 et
765 3553 917 3624 exquisitis
942 3553 1039 3607 vexati
1064 3552 1190 3622 injuriis,
1211 3553 1312 3607 multis
1335 3558 1365 3607 et
1383 3554 1497 3623 magnis
1516 3554 1668 3623 provocati

448 3609 602 3702 mmm
616 3636 790 3707 opprobriis,
811 3643 841 3691 et
859 3638 896 3691 ad
913 3639 1050 3692 ultimum
1069 3637 1157 3692 rebus
1176 3645 1206 3692 et
1225 3637 1390 3692 redditibus
1415 3638 1532 3710 spoliati
1550 3637 1669 3691 univer-

616 3721 667 3784 sis,
687 3721 729 3774 ita
746 3728 780 3775 ut
797 3730 904 3792 praetcr
923 3723 1017 3777 solum
1036 3723 1198 3777 claustrum
1217 3730 1246 3777 et
1265 3722 1428 3787 eeclesiam,
1443 3741 1508 3794 qum
1520 3721 1569 3775 vix
1588 3721 1668 3776 nuda

615 3804 699 3858 nobis
718 3805 823 3859 relicta
841 3813 917 3870 suut,
937 3807 1011 3861 nihil
1035 3807 1153 3878 penitus
1180 3807 1380 3878 possideamus
1407 3807 1437 3861 in
1464 3805 1582 3860 mundo.
1619 3806 1667 3860 Ab

616 3888 725 3943 octavis
757 3889 834 3943 enim
852 3891 1024 3962 Epiphaniae
1051 3910 1143 3963 usquc
1172 3891 1202 3945 in
1226 3892 1304 3946 huno
1331 3891 1419 3954 diem,
1446 3908 1610 3962 pauperum
1637 3898 1668 3944 et

616 3972 853 4038 mendicantium,
892 3975 943 4029 sed
973 3977 1062 4030 etiam
1094 3976 1273 4040 iudaeorum,
1305 3975 1432 4030 viximus
1460 3974 1666 4045 eleemosynis,

616 4057 759 4128 eligentes
778 4058 873 4130 magis
891 4061 922 4113 in
941 4061 1054 4115 camino
1073 4060 1253 4132 paupertatis
1273 4061 1349 4113 fame
1368 4065 1397 4114 ot
1415 4060 1512 4114 inedia
1530 4059 1665 4123 deficere,

615 4142 663 4197 vol
694 4144 719 4196 si
748 4161 867 4198 neccsse
897 4145 988 4200 suerit
1013 4146 1142 4199 eervices
1169 4161 1321 4214 exponere,
1350 4161 1437 4214 (luam
1465 4144 1583 4198 semitas
1611 4144 1667 4199 Dei

614 4228 708 4282 nostri
727 4227 939 4298 derelinquere,
960 4239 990 4284 ct
1008 4229 1118 4284 ordinis
1142 4229 1235 4283 nostri
1259 4228 1441 4283 honestatem
1462 4227 1665 4282 dehonestare.

449 4310 786 4410 ffirmwssffioSanctitatis
814 4313 906 4384 igitur
932 4322 1037 4370 vestrm
1064 4313 1186 4384 pedibus
1212 4313 1358 4383 provoluti
1384 4330 1484 4366 omnes
1507 4318 1536 4366 et
1554 4311 1667 4382 singuli

449 4416 589 4468 tothepopa
614 4399 805 4469 postulamus
839 4409 983 4469 quatenns
1014 4399 1120 4452 divinar
1145 4399 1343 4453 miserationis
1379 4397 1490 4451 intuitu
1524 4402 1555 4450 et
1586 4397 1665 4451 beati

449 4467 577 4569 ᾗᾞῗιξζὲξθ
615 4483 752 4554 martyris
771 4483 898 4546 Thomas,
928 4483 1044 4537 domino
1069 4499 1151 4553 papa>
1171 4488 1200 4536 ct
1225 4481 1341 4536 domino
1363 4480 1491 4536 Ostiensi
1509 4480 1667 4551 pronubis

447 4568 559 4661 83ng
617 4568 744 4622 scribere
768 4567 940 4640 dignemini,
961 4575 994 4621 ut
1013 4566 1217 4621 Cantuariensi
1244 4567 1374 4621 ecclcsiae
1395 4566 1458 4636 jam
1477 4565 1507 4619 in
1526 4566 1667 4620 extremis

514 4649 519 4660 '
616 4653 715 4722 agenti
740 4653 894 4707 subvenire
918 4671 975 4706 non
997 4651 1148 4716 differant3
1173 4651 1241 4720 quia
1266 4650 1289 4705 si
1310 4650 1487 4714 distulerint,
1508 4667 1591 4704 mora
1609 4655 1668 4705 tra-

616 4737 703 4791 hente
730 4737 903 4809 periculum,
927 4754 1025 4791 serum
1053 4737 1110 4790 erit
1135 4743 1201 4807 post
1230 4735 1345 4789 ruinam
1371 4735 1499 4789 salutare
1527 4734 1668 4789 adhibere

616 4823 788 4879 remedium.
827 4822 974 4876 Castorum
993 4819 1154 4874 sanctitatis
1173 4825 1279 4874 vestras
1295 4819 1427 4890 largitati
1447 4825 1477 4874 et
1494 4818 1666 4877 liberalitati

616 4908 794 4979 multiplices
813 4923 848 4959 ex
867 4906 962 4959 animo
987 4903 1151 4974 gratiarum
1170 4904 1326 4957 referimus
1346 4904 1484 4969 actiones,
1506 4923 1595 4976 super
1615 4907 1667 4961 ho·

617 5011 686 5046 nore
704 4991 821 5046 domino
832 4989 924 5062 priori
942 4993 1041 5043 nostro
1054 4996 1084 5044 et
1102 4988 1242 5042 fratribus
1259 4990 1366 5043 nostris
1380 4989 1520 5059 impenso.
1561 4988 1667 5047 Omnia

617 5077 694 5129 enirn
712 5081 743 5129 et
760 5074 878 5145 singula
896 5072 1027 5127 membra
1043 5078 1144 5126 nostra
1167 5077 1267 5127 nostro
1285 5071 1449 5128 honorastis
1467 5072 1499 5127 in
1517 5074 1615 5144 capite
1636 5081 1668 5130 et
