4192 6392
628 1149 692 1214 226
910 1166 1082 1215 amaneum
1104 1165 1391 1225 caurusnmnsus,

475 1329 600 1440 fflffi·
626 1345 664 1398 ad
681 1360 749 1399 eum
773 1349 913 1416 spectent,
934 1345 986 1400 sed
1003 1362 1056 1400 nos
1075 1349 1224 1400 teneamus
1247 1349 1314 1415 post
1331 1343 1437 1406 Deum,
1456 1341 1488 1397 in
1511 1342 1608 1413 capite
1636 1341 1675 1397 de

625 1427 718 1491 vobis,
738 1426 815 1483 sicut
832 1426 945 1500 etipse.
983 1428 1067 1497 Quod
1083 1428 1272 1483 manifestum
1289 1432 1335 1482 est
1352 1426 1558 1482 decedentibus
1578 1425 1675 1482 archi·

627 1511 779 1583 episcopis,
799 1512 869 1583 quia
885 1518 971 1567 terrae
989 1529 1091 1568 eorum
1109 1512 1210 1568 statim
1227 1511 1429 1568 confiscantur.

504 1735 568 1792 Μ’·
703 1738 863 1796 coxnw.
901 1740 1068 1797 Convsnnn
1086 1740 1300 1797 cammaro
1318 1756 1439 1795 marnas
1457 1739 1493 1794 R.
1513 1754 1548 1794 sr
1567 1737 1600 1793 J.

456 1861 575 1960 ffihgd
659 1870 761 1943 Alpini
779 1870 900 1943 frigoris
918 1876 947 1927 et
970 1873 1094 1928 fervoris
1113 1873 1211 1928 Italici
1236 1872 1348 1944 experti
1365 1871 1544 1935 violentiam,
1563 1869 1673 1924 itinere

456 1962 562 2008 hum
625 1972 758 2010 remenso
785 1957 822 2010 ad
846 1974 899 2011 vos
923 1956 1116 2021 venissemus,
1135 1956 1194 2012 nisi
1220 1973 1282 2021 nos,
1302 1957 1485 2012 venientibus
1504 1972 1672 2019 occurrens,

512 2016 609 2110 ⁰¹¹,¹,¹⁴⁸⁷⁰
626 2039 749 2110 epistola
765 2044 864 2096 vestra
882 2041 1043 2096 subsistere
1055 2040 1250 2113 praecepisset.
1287 2039 1371 2109 Quod
1389 2040 1517 2112 quidem,
1532 2038 1672 2111 quamvis

456 2117 587 2211 {5210ss
625 2121 771 2179 desiderio
803 2123 1023 2180 universitatem
1060 2129 1187 2180 vestram
1216 2124 1316 2179 videre
1346 2123 1555 2186 desiderantes,
1588 2127 1672 2178 tanto

455 2215 590 2262 armenon-
623 2204 719 2261 levius
737 2207 921 2279 adpraesens
940 2209 1127 2272 sustinemus,
1142 2213 1251 2278 quanto
1269 2207 1373 2263 faciem
1384 2211 1512 2262 vestram
1529 2205 1672 2276 lacrymis

454 2268 579 2368 ffiffi'g
624 2289 763 2345 abstersis
793 2292 983 2347 exhilaratam
1013 2293 1044 2346 in
1079 2292 1211 2363 proximo
1241 2308 1391 2362 speramus
1422 2289 1538 2345 intueri.
1589 2288 1671 2344 Certi

453 2364 569 2421 Bnglmu.
623 2373 702 2427 enim
726 2392 859 2431 rumores
883 2393 902 2429 a
919 2376 1002 2430 curia
1023 2376 1167 2446 jocundos
1184 2375 1216 2429 in
1239 2374 1324 2430 brevi
1350 2379 1544 2445 expectamus.
1582 2372 1672 2428 Nunc

623 2473 703 2527 ergo,
724 2459 801 2514 sicut
824 2460 974 2524 hactenus,
995 2459 1186 2514 confidentius
1211 2462 1286 2514 state
1313 2458 1345 2513 in
1369 2458 1504 2522 Domino,
1537 2457 1671 2528 exemplo

622 2546 720 2597 vestro
738 2542 940 2614 pusillanimes
959 2524 1153 2598 confortantes
1178 2548 1208 2598 et
1232 2560 1330 2614 genna
1356 2542 1464 2597 debilia
1488 2543 1669 2605 roborantes,
1683 2544 1810 2639 {datm

622 2625 805 2760 utinlodore
822 2631 1040 2764 lnffigssmm
1058 2632 1224 2765 vesffimm
1241 2631 1361 2681 cmrant
1372 2627 1424 2764 qpei
1435 2643 1525 2765 puppe
1535 2629 1620 2764 gunt
1641 2628 1673 2679 et
1683 2647 1804 2695 cmm

622 2725 673 2778 qm
714 2725 799 2781 cuge,
844 2728 860 2763 o
985 2727 1032 2763 em
1061 2727 1113 2765 ves
1160 2728 1190 2763 m
1226 2727 1388 2781 cognosoen
1419 2727 1443 2774 s,
1555 2723 1810 2770 rannmphnmn

622 2792 941 2930 ldpmaedwfiffiffnff'
988 2793 1094 2864 Itaque
1115 2796 1134 2820 '⁴
1144 2793 1247 2848 durate
1248 2799 1322 2933 ἔξω
1318 2800 1432 2849 vosmet
1449 2793 1537 2848 rebus
1555 2797 1711 2905 servate}a
1759 2812 1810 2863 ‚AE

661 2893 750 2930 secun
771 2876 806 2940 is,
879 2882 998 2932 aentes
1043 2877 1109 2932 uasi
1158 2895 1199 2932 1·ae
1229 2895 1246 2932 o
1298 2877 1304 2890 ‘
1353 2894 1414 2932 sem
1452 2895 1468 2931 r
1496 2895 1515 2932 a
1554 2893 1669 2941 ensum,
1697 2893 1704 2904 ·
1753 2894 1760 2909 ·

620 2958 691 3097 guia
722 2961 806 3013 “non
830 2964 899 3097 salat
925 2895 1078 3031 eondiglrae
1108 2895 1259 3032 palisiones
1288 2961 1378 3033 hujus
1408 2894 1558 3033 tldempodid,
1591 2959 1669 3098 εἴθ
1682 2974 1805 3023 nonna

645 3046 801 3097 aeterumo
838 3043 864 3097 ri
886 3061 921 3098 us
946 3061 1019 3099 ous
1047 3047 1180 3107 estnon
1206 3062 1338 3100 sermone
1368 3045 1458 3100 immo
1485 3043 1612 3099 sermoni
1632 3062 1669 3100 us

619 3141 708 3197 opera
736 3059 885 3181 reddddrda
914 3062 990 3182 sunl.
1028 3127 1188 3182 Auditores
1213 3087 1347 3199 namque,
1365 3128 1501 3183 obliviosi
1531 3127 1610 3191 facti,
1637 3133 1669 3184 et
1680 3137 1705 3181 s.
1713 3139 1810 3187 Juneal

618 3227 677 3264 non
702 3209 826 3265 factores
851 3211 957 3282 operis,
977 3211 1189 3266 beatitudinem
1215 3212 1389 3283 promissam
1413 3230 1472 3266 non
1496 3211 1666 3282 adquirunt.
1680 3191 1715 3234 ²⁵·

449 3284 590 3382 &henghen
619 3291 795 3348 Audivimus
820 3293 899 3365 apud
923 3294 1097 3350 Atrebatum
1120 3293 1218 3365 positi,
1238 3299 1268 3349 et
1296 3312 1314 3349 a
1338 3294 1463 3365 quodam
1490 3293 1670 3350 amicissimo

450 3350 590 3443 Airrslslthey
619 3381 718 3432 vestro
736 3377 902 3441 didicimus,
923 3379 1000 3449 quod
1019 3377 1056 3431 ad
1075 3395 1128 3432 vos
1145 3377 1245 3432 veniat
1261 3377 1462 3433 Atrebatensis
1481 3377 1634 3449 episcopus
1653 3396 1672 3434 a

449 3438 582 3541 {lfflfi'ssg
621 3459 737 3515 domino
768 3460 971 3517 cantuariensi
1001 3461 1139 3526 directus,
1171 3477 1273 3531 pacem
1304 3461 1330 3515 si
1360 3478 1417 3531 quo
1452 3461 1539 3516 modo
1575 3463 1671 3532 possit

450 3539 608 3632 “imm
620 3543 696 3598 inter
713 3544 810 3615 ipsum
830 3551 860 3600 et
876 3563 929 3600 vos
947 3545 1117 3599 reformare.
1155 3544 1242 3598 Forte
1261 3561 1314 3614 per
1332 3546 1440 3599 amicos
1460 3550 1489 3599 et
1508 3544 1669 3601 familiares

450 3600 594 3698 &adram
620 3644 686 3680 snos
713 3629 744 3680 in
769 3628 851 3682 ouria
875 3635 1087 3683 commorantes
1115 3628 1232 3682 edoctus
1259 3633 1313 3691 est,
1341 3629 1411 3699 quid
1439 3646 1525 3699 super
1549 3630 1669 3701 negotio

449 3689 592 3783 wrthprrpom
618 3715 717 3763 nostro
731 3711 855 3765 ccclesia
872 3712 1004 3766 Romana
1022 3712 1167 3766 statuerit.
1208 3711 1240 3765 Si
1259 3729 1330 3781 ergo
1341 3711 1463 3775 venerit,
1479 3712 1668 3767 consiliosum

448 3788 563 3882 bffimh·
619 3793 702 3847 nobis
721 3794 848 3857 videtur,
867 3800 902 3848 ut
929 3794 955 3848 ei
984 3794 1021 3848 ad
1046 3813 1153 3865 purum
1182 3795 1279 3848 omnia
1304 3795 1451 3864 patefiant,
1475 3801 1568 3849 status
1587 3796 1668 3851 vide·

502 3852 539 3892 οβ’
618 3876 688 3930 licet
707 3877 847 3941 ecclesiae,
867 3877 1027 3948 privilegia
1045 3885 1075 3933 ct
1101 3884 1188 3933 cartae
1207 3885 1237 3933 et
1255 3878 1371 3948 injuriae
1391 3897 1463 3949 quas
1490 3881 1570 3950 passi
1596 3881 1668 3936 estis

449 3954 598 4051 3¹⁰me
618 3960 785 4015 nullatenus
812 3961 1036 4032 supprimendas.
1084 3962 1186 4032 anue
1217 3962 1247 4016 in
1278 3963 1411 4016 omnibus
1439 3964 1579 4017 utendum
1611 3966 1669 4019 crit

448 4019 584 4116 toflnoodrlell1
619 4043 770 4108 modestia,
802 4050 836 4099 ut
867 4045 892 4098 si
922 4063 1023 4116 pacem
1054 4046 1160 4099 bonam
1186 4045 1334 4109 obtulerit,
1360 4063 1411 4099 vos
1438 4048 1599 4117 paratiores
1625 4047 1669 4102 in·

447 4106 590 4210 {fflhffiut
618 4128 731 4191 reniat3
753 4127 778 4181 si
805 4133 903 4181 tamen
927 4128 1097 4182 mandatum
1123 4128 1232 4182 domini
1251 4128 1470 4184 cantuariensis
1496 4135 1525 4184 ct
1552 4129 1668 4186 litteras

448 4192 538 4251 Μ’
617 4211 675 4265 rati
712 4211 880 4275 ostenderit,
912 4213 992 4266 salro
1023 4212 1055 4265 in
1091 4213 1227 4266 omnibus
1260 4212 1328 4282 juro
1365 4213 1496 4267 ecclcsiae
1526 4231 1579 4284 pro
1609 4233 1669 4285 qua

617 4294 773 4358 dimicatis,
803 4296 873 4365 quia
902 4313 955 4350 nec
982 4296 1045 4365 juri
1071 4301 1169 4349 vestro
1196 4314 1249 4349 vos
1275 4296 1458 4366 aliquatenus
1487 4297 1667 4353 consulimus

616 4379 798 4442 renunciare,
825 4396 878 4433 nec
899 4379 931 4433 in
957 4397 1040 4433 novae
1059 4379 1141 4433 illins
1169 4379 1300 4434 ecclcsiae
1329 4381 1575 4435 constructionem
1602 4399 1668 4435 con·

617 4464 733 4528 sentire,
767 4464 818 4518 sed
841 4481 895 4519 nec
922 4464 1071 4518 dominnm
1098 4465 1226 4534 priorem
1254 4470 1305 4519 aut
1331 4465 1436 4518 fratres
1467 4465 1504 4518 ad
1528 4466 1583 4519 hoc
1604 4465 1668 4521 ulla

616 4566 745 4619 unquam
770 4548 931 4603 adversitas
956 4548 1116 4602 inclinabit.
1151 4548 1204 4602 Sin
1222 4554 1320 4602 autem
1339 4549 1449 4603 animos
1468 4555 1581 4603 vostros
1603 4556 1667 4605 tan·

616 4637 679 4685 tum
709 4636 822 4685 tentare
848 4632 971 4693 venerit,
1002 4649 1085 4701 raquo
1111 4631 1233 4685 miseros
1263 4635 1293 4685 et
1324 4632 1472 4686 mendicos
1503 4632 1610 4697 videat,
1637 4641 1667 4689 ct

616 4719 777 4769 constantes
814 4732 847 4769 ac
883 4716 966 4769 laetos
1003 4714 1141 4768 inveniat.
1180 4714 1327 4784 Quicquid
1364 4715 1441 4768 onim
1471 4715 1579 4771 viderit
1614 4723 1668 4773 aut

615 4799 750 4862 audierit,
772 4797 888 4852 domino
912 4798 1039 4868 primum
1061 4798 1264 4853 Cantuaricnsi
1283 4804 1312 4852 ct
1337 4800 1437 4853 multis
1463 4801 1573 4870 passim
1598 4802 1665 4856 aliis

614 4884 710 4953 palam
729 4882 792 4936 fieri
817 4900 876 4937 non
897 4881 1046 4937 dubitet-is.
1086 4882 1173 4937 Viam
1192 4882 1395 4938 mandatorum
1419 4883 1545 4939 Sacrum
1564 4884 1667 4940 doceat

611 4985 663 5022 vos
682 4966 834 5023 Dominus.
