4192 6392
776 1199 935 1251 murcos
958 1198 1164 1250 000000(οι.
1452 1185 1495 1254 87

438 1375 497 1432 erit
513 1374 675 1439 vobiscum,
696 1375 766 1446 quia
791 1382 858 1447 post
883 1382 998 1431 noctem
1022 1376 1111 1447 hujus
1134 1375 1332 1431 tribulationis
1351 1376 1497 1432 elucescet
1525 1380 1646 1426 1111187.

440 1459 523 1516 vobis
540 1459 604 1515 dies
629 1459 741 1515 laetitiae
767 1466 797 1515 et
821 1461 1017 1525 emdtationis,
1041 1459 1179 1531 quoniam
1206 1459 1325 1529 quidem
1350 1460 1493 1515 Dominus

440 1549 540 1600 noster
557 1543 714 1613 aliquando
732 1543 871 1614 respiciet
888 1544 1085 1600 humilitatem
1096 1550 1234 1608 vestram,
1248 1550 1279 1600 et
1290 1544 1434 1599 retribuet
1452 1544 1494 1598 eis

441 1627 519 1682 mala
536 1628 587 1698 qui
614 1628 725 1683 faciunt
747 1626 830 1683 vobis
849 1628 1064 1693 contumeliam,
1085 1627 1142 1696 Qui
1161 1627 1299 1685 retribuit
1317 1628 1496 1684 abundanter

391 1711 420 1757 ὓ
442 1715 615 1772 facientibus
634 1715 810 1785 superbiam.
849 1715 953 1770 Valete
972 1717 1002 1770 in
1020 1715 1155 1769 Domino.

530 1934 628 1992 cvn.
666 1935 832 1992 00010οτ0(
852 1936 1078 2002 Cnnrusnrunsr,
1099 1936 1135 1990 R.
1156 1936 1191 1992 R.
1213 1951 1408 1992 runmrssur.
1508 1911 1653 2016 diffluae

536 2055 542 2068 ¹
578 2057 619 2069 ..
700 2057 706 2069 .
754 2057 760 2070 ι
916 2055 922 2069 ·
976 2057 993 2068 ..
1109 2059 1115 2070 ¹
1237 2056 1243 2070 .
1508 2013 1639 2066 nugulas.

475 2054 587 2111 Allbetr
604 2055 818 2111 calamitanbus
836 2062 866 2112 et
884 2073 1010 2112 miserus
1028 2062 1088 2111 tam
1107 2056 1306 2128 inaequalitate
1330 2073 1493 2128 corporum,
1508 2089 1666 2136 memoresn-

444 2156 531 2211 quam
548 2156 685 2196 curarum
704 2146 734 2196 et
757 2141 900 2206 laborum,
920 2141 951 2196 in
969 2143 1163 2197 transmarina
1186 2142 1325 2198 dilatione
1349 2142 1494 2212 respirare
1508 2142 1639 2192 gomorum

442 2226 605 2296 nequimus.
651 2226 795 2280 Miramur
821 2231 918 2281 tamen
944 2243 1032 2298 super
1056 2226 1210 2296 prudentia
1227 2231 1336 2290 vestra,
1357 2225 1434 2296 quod
1458 2226 1495 2280 (10
1508 2193 1647 2294 ffidlvfdddn

443 2311 587 2381 augustiis
606 2314 635 2365 et
652 2310 890 2366 tribulationibus
909 2328 975 2379 qum
992 2310 1167 2365 invenerunt
1184 2328 1236 2365 vos
1264 2315 1294 2364 et
1318 2327 1370 2364 nos
1395 2310 1493 2374 nimis,
1508 2292 1662 2387 {ffiffihffl

443 2393 515 2448 nihil
533 2394 616 2449 nobis
641 2395 672 2448 in
696 2393 831 2448 mandato
856 2400 955 2448 restro
979 2394 1200 2464 expresseritis3
1227 2393 1320 2464 signis
1345 2398 1441 2448 tamen
1466 2403 1496 2449 et
1508 2405 1548 2454 11¹¹,
1558 2394 1658 2443 entend,

444 2477 558 2533 indiciis
586 2478 664 2533 mala
689 2496 754 2549 quur
780 2477 863 2532 vobis
894 2478 1094 2542 imminebant,
1121 2478 1192 2533 licet
1221 2494 1279 2532 non
1308 2477 1346 2532 ad
1375 2477 1494 2549 plenum
1508 2446 1657 2547 bibibbbym

444 2563 648 2618 intelleximus.
677 2563 790 2634 Regem
809 2562 839 2616 in
857 2563 977 2618 remotis
995 2564 1128 2634 partibus
1147 2580 1204 2618 non
1222 2563 1284 2618 siue
1302 2581 1409 2635 magna
1420 2563 1493 2617 diffi·
1507 2543 1667 2638 {ffiffieth‘d

444 2647 551 2703 cultata
570 2653 600 2703 et
618 2653 737 2718 sumptu
755 2647 909 2710 adivimus,
930 2652 961 2702 et
985 2646 1063 2701 mala
1080 2647 1164 2703 vobis
1182 2647 1332 2712 intentata,
1353 2647 1438 2718 quasi
1457 2645 1493 2700 (10
1507 2645 1554 2688 Μ
1563 2646 1635 2688 f01¹¹1d

444 2731 578 2786 mandato
596 2731 670 2802 ejus,
691 2731 773 2785 robis
788 2730 850 2801 jam
863 2732 940 2785 sacta
958 2731 1042 2801 plene
1062 2731 1301 2801 significavimus.
1340 2730 1397 2799 Qui
1410 2731 1494 2801 quasi
1507 2695 1615 2799 ibid&

443 2815 517 2868 nihil
546 2815 651 2869 horum
680 2814 813 2869 conscius
844 2814 899 2869 sub
925 2813 1092 2885 juramento
1127 2814 1248 2885 negarit
1282 2832 1314 2869 se
1350 2815 1495 2867 neminem
1509 2821 1590 2865 ’11011
1632 2821 1654 2865 n

444 2906 574 2955 restrum
604 2898 767 2961 mandasse,
800 2898 852 2952 sed
881 2915 934 2952 nec
964 2904 1065 2953 centra
1093 2914 1145 2953 vos
1182 2897 1296 2968 aliquid
1331 2897 1493 2967 scripsisse.
1509 2874 1654 2974 ww&

445 2981 578 3037 Priorem
596 2987 710 3037 tuntum
728 2982 764 3037 de
782 2982 932 3038 voluntate
952 3000 1005 3037 sua
1023 3001 1076 3053 per
1094 2999 1146 3037 nos
1170 2981 1368 3046 mandaverat,
1391 2986 1421 3036 et
1444 2998 1496 3035 nos
1509 2972 1662 3066 mmm

445 3066 553 3122 adhoc
572 3083 673 3122 secum
691 3066 825 3131 detinuit,
844 3071 879 3121 ut
901 3083 1012 3137 pacem,
1039 3067 1066 3121 si
1085 3084 1174 3138 quam
1192 3070 1300 3137 posset,
1320 3065 1356 3119 da
1375 3063 1496 3120 consilio
1510 3035 1607 3117 mundi
1615 3035 1668 3117 dob-

445 3150 549 3222 prioris
567 3156 598 3206 et
615 3156 723 3214 nostro,
738 3151 814 3206 inter
826 3151 1077 3222 archiepiscopum
1096 3156 1127 3206 et
1138 3168 1190 3205 nos
1203 3149 1385 3215 reformaret,
1398 3153 1498 3204 vestra
1510 3125 1572 3169 ’Ἢ

444 3240 541 3289 tamen
565 3233 780 3305 approbatione.
830 3234 1003 3290 Constantes
1022 3240 1120 3289 tamen
1139 3237 1241 3298 estote,
1261 3238 1295 3288 ut
1318 3232 1350 3287 in
1377 3232 1498 3287 tribula·

445 3318 572 3373 tionibus
590 3318 698 3373 vestris
722 3319 862 3389 probetur
886 3318 1087 3389 patientiam
1112 3317 1299 3374 tentamentis
1327 3317 1497 3372 constantia.

445 3402 480 3456 In
502 3401 635 3474 proximo
660 3402 797 3458 videbitis
824 3403 966 3457 auxilium
990 3402 1132 3468 divinum,
1159 3401 1322 3474 praesertim
1346 3419 1414 3457 cum
1438 3402 1500 3455 fero

445 3486 560 3541 deficiat
587 3503 671 3540 omno
693 3486 861 3541 humanum.
912 3486 1060 3542 Caeterum
1078 3487 1116 3541 ad
1134 3486 1189 3541 hoe
1207 3487 1313 3557 quibus
1338 3486 1499 3557 poterimus

445 3570 537 3626 modis
556 3570 762 3636 laborabimus,
775 3577 808 3626 ut
828 3575 921 3626 status
940 3578 1048 3634 noster,
1064 3588 1151 3641 quem
1164 3577 1231 3626 ante
1244 3571 1324 3642 regis
1337 3560 1498 3626 discessum

445 3655 609 3718 habuimus,
638 3672 655 3708 a
681 3654 797 3709 domino
822 3672 893 3724 rege
919 3655 1003 3709 nobis
1034 3656 1218 3710 reformetur.
1270 3654 1373 3710 Valeat
1401 3659 1499 3709 vestra

446 3746 544 3797 sancta
561 3739 737 3795 fraternitas.

773 3969 887 4025 CVIII.
924 3970 1031 4025 Aurora
1051 3985 1164 4026 010000.
1523 3966 1654 4069 mmm

479 4098 591 4155 Audivi
609 4098 828 4155 tribulationem
840 4106 978 4163 vestra-m,
993 4099 1093 4154 andivi
1112 4106 1142 4155 01
1160 4098 1249 4154 (10101.
1288 4100 1407 4155 Eisdem
1420 4099 1497 4154 enim
1511 4093 1651 4188 ffiffiho

446 4183 593 4239 confodior
608 4184 716 4253 jaculis
736 4184 841 4256 quibus
860 4202 912 4239 vos
931 4183 1017 4239 audio
1036 4183 1213 4239 vulneratos.
1264 4184 1323 4240 Sed
1347 4184 1497 4240 attendens
1511 4193 1668 4238 0000011001

446 4267 616 4340 sapientiam
633 4274 761 4323 rostram
780 4266 811 4322 in
828 4268 935 4323 talibus
955 4285 1139 4339 nequaquam
1161 4268 1309 4331 inermem,
1329 4269 1414 4323 saoile
1433 4285 1498 4323 eon·
1511 4244 1656 4340 {mmm

446 4351 530 4417 solor,
559 4352 741 4424 perpendens
766 4352 877 4406 animos
904 4352 1068 4422 sapientum
1092 4351 1223 4406 adversis
1247 4370 1305 4405 non
1328 4345 1671 4440 (101101001ξ9ωῗέξ311

389 4432 414 4480 n
445 4436 592 4491 robustius
610 4438 696 4507 erigi.
735 4436 776 4491 Ut
794 4436 871 4490 onim
890 4436 931 4491 ait
949 4436 1136 4505 leronymus,
1158 4439 1175 4463 “
1187 4435 1218 4489 Si
1232 4436 1341 4490 fruetus
1361 4435 1497 4489 illabatur
1510 4402 1563 4493 idib
1571 4447 1636 4489 1000

447 4522 466 4549 ⁸‘
485 4521 574 4584 orbis,
591 4520 772 4591 impavidum
791 4521 896 4574 ferient
920 4520 1012 4573 ruinae
1037 4519 1228 4590 sapientem.”
1264 4519 1326 4574 Vos
1350 4519 1444 4589 igitur
1468 4520 1498 4573 in
1511 4509 1606 4543 “um

446 4605 584 4660 eminenti
602 4604 853 4675 contemplationis
868 4603 986 4674 specula
1006 4605 1105 4675 positi,
1127 4604 1221 4658 minos
1240 4603 1391 4658 bominum
1408 4603 1499 4659 nolite

446 4689 558 4755 umere,
578 4689 631 4744 sed
648 4708 769 4761 prorsus
796 4689 946 4758 despicite.
993 4688 1127 4743 Cernetis
1153 4693 1262 4743 terram
1289 4688 1325 4742 <lc
1350 4688 1447 4759 longe,
1468 4698 1502 4742 ut

447 4773 560 4845 Regem
579 4774 754 4829 soeculorum
773 4774 877 4829 decore
897 4790 949 4827 suo
968 4773 1088 4843 possitis
1107 4772 1218 4827 videre.
1260 4772 1306 4827 Sit
1324 4773 1407 4827 vobis
1426 4774 1503 4827 inter

397 4852 403 4865 ’
447 4857 498 4915 bos
516 4875 616 4912 rerum
635 4863 818 4913 terrenarum
836 4857 990 4921 tumultus
1005 4857 1093 4912 timor
1106 4856 1172 4921 Dei,
1189 4861 1372 4927 contemptus
1393 4856 1502 4918 saeculi,

446 4943 608 4998 constantia
625 4942 702 4997 beati
716 4942 834 4997 Thomae
853 4942 991 5011 martyris
1011 4940 1141 5011 pretiosi.
1181 4939 1337 5001 Gruterum,
1353 4938 1502 5008 inquibus

447 5042 513 5082 eum
534 5026 597 5081 Deo
622 5033 732 5098 potero,
761 5026 844 5081 voltis
871 5025 1017 5080 universis
1043 5030 1073 5080 et
1099 5024 1225 5096 singulis
1255 5023 1379 5076 libenter
1404 5020 1500 5075 adoro.

446 5108 548 5168 Meum
575 5116 621 5167 est
647 5111 745 5183 itaque
774 5109 936 5172 eonsilium,
964 5107 1042 5179 quod
1068 5107 1183 5163 domino
1214 5105 1440 5177 archiepiscopo,
1473 5104 1504 5160 in
1543 5112 1647 5156 10000.
