4192 6392
602 1197 666 1258 214
880 1210 1050 1260 sueretu
1073 1211 1361 1273 emanaturam,

450 1388 571 1481 Algi-¹18&
601 1391 695 1441 totum
725 1386 781 1439 sibi
807 1387 961 1441 vendicare
986 1387 1123 1453 voluerit,
1151 1395 1181 1444 et
1211 1390 1237 1445 si
1267 1390 1373 1461 partiri
1403 1389 1486 1444 novit
1512 1387 1651 1443 amicum.

432 1451 541 1547 Brettii·
602 1469 749 1524 Goetcrum
779 1471 849 1541 quia
883 1472 961 1527 inter
996 1472 1063 1537 alia,
1084 1491 1150 1543 quas
1180 1490 1247 1545 spes
1278 1473 1315 1528 de
1344 1473 1426 1529 curia
1452 1473 1493 1528 sit
1508 1470 1652 1536 habenda,

432 1554 547 1648 fiffinflu
603 1553 764 1624 requiritis,
796 1555 850 1610 hoe
881 1574 997 1626 quoque
1027 1559 1166 1628 prasenti
1196 1557 1414 1629 scriptiuncula
1450 1556 1656 1627 oompagiuare

433 1618 579 1703 mnindffie
604 1637 771 1708 compellor.
814 1639 903 1695 Salva
933 1649 1101 1696 sanctorum
1130 1641 1296 1696 reverentia
1324 1641 1448 1696 dixerim
1478 1641 1529 1711 qui
1560 1640 1593 1694 in
1622 1657 1658 1695 aa

603 1727 822 1788 conversantur,
842 1741 899 1777 non
918 1731 964 1780 est
981 1722 1018 1779 de
1037 1741 1095 1794 quo
1108 1742 1226 1796 sperare
1238 1725 1352 1796 possint
1371 1725 1513 1797 oppressi.
1551 1723 1658 1780 Rorna-

602 1824 658 1862 nns
671 1807 749 1860 enim
761 1806 935 1862 clamantem
947 1809 1081 1878 quamvis
1095 1827 1219 1880 semper,
1232 1809 1291 1866 nisi
1303 1809 1427 1875 dederit,
1440 1826 1498 1864 non
1510 1808 1657 1873 exaudiet,

603 1896 634 1946 ot
651 1909 718 1946 oum
736 1892 889 1963 acceperit,
909 1910 967 1947 nou
979 1893 1133 1963 ignoscet:
1154 1894 1289 1964 emungit
1299 1894 1425 1949 multum
1437 1898 1467 1949 st
1484 1893 1659 1964 sanguinem

603 1975 685 2030 elicit
697 1975 864 2040 violentius,
881 1980 899 2002 ‘⁴
910 1994 968 2032 non
980 1977 1108 2033 missura
1119 1983 1216 2032 cutem
1227 1978 1285 2032 nisi
1297 1978 1384 2048 plena
1395 1977 1508 2033 cruoris
1521 1975 1658 2032 hirudo.’'
1672 1979 1810 2027 ironeam

460 2061 559 2105 ¹0·⁶⁷1⁰·
603 2059 682 2115 Hine
709 2066 755 2114 est
782 2059 860 2131 quod
886 2061 1033 2131 querulos,
1063 2061 1120 2116 etsi
1146 2079 1204 2116 non
1237 2061 1382 2128 exaudiat,
1412 2061 1536 2117 libenter
1563 2060 1658 2126 audit,
1671 2031 1790 2077 mm

433 2123 591 2217 mim*
602 2143 734 2215 partibus
765 2163 848 2216 aesque
885 2145 1026 2199 auxilium
1055 2145 1220 2216 pollicetur,
1256 2163 1351 2201 moras
1382 2145 1520 2201 innectit:
1553 2144 1658 2201 litibus

433 2224 546 2316 fflfflssffil
603 2247 754 2298 nunquam
781 2230 868 2283 finem
895 2229 1097 2300 impositurus,
1124 2229 1182 2284 nisi
1206 2229 1387 2300 litigantium
1412 2229 1496 2302 prius
1526 2228 1660 2285 funditus

433 2287 578 2376 &illabi
603 2313 770 2368 exhauserit
793 2313 957 2369 facultates.
995 2313 1100 2368 Mitius
1131 2319 1228 2369 tamen
1255 2319 1357 2384 ageret
1381 2332 1449 2370 eum
1475 2313 1605 2380 miseris,
1633 2313 1658 2368 si

432 2375 552 2476 ffiffld
603 2397 700 2452 omnia
727 2416 792 2469 quar
819 2398 908 2453 habet
931 2397 1015 2453 daret
1044 2398 1132 2453 homo
1156 2416 1210 2469 pro
1227 2416 1315 2454 eausa
1333 2417 1403 2464 sua3
1431 2398 1484 2455 sed
1502 2397 1581 2470 qued
1605 2409 1810 2455 uenenatas

433 2475 571 2570 {fflwwi
602 2482 699 2548 habet,
719 2501 773 2537 nee
802 2482 910 2538 habero
940 2483 1066 2548 videtur,
1087 2483 1236 2538 auferetur
1267 2483 1304 2539 ab
1333 2501 1377 2539 eo.
1420 2482 1469 2538 Ad
1499 2461 1810 2557 creditoresssjlmlxxv

603 2567 741 2623 introitus
760 2586 880 2632 vacuus,
901 2586 968 2623 cum
987 2568 1094 2639 quibus
1116 2568 1290 2624 contrahens
1318 2587 1376 2623 aare
1395 2573 1532 2623 oneratur
1551 2569 1656 2625 alieno.

602 2657 687 2711 Loris
706 2663 804 2712 antem
822 2657 996 2713 constrictus
1015 2656 1164 2728 argenteis
1188 2675 1256 2713 eum
1272 2657 1322 2713 hio
1348 2657 1450 2713 vivere
1476 2674 1534 2713 non
1551 2658 1656 2729 possit,

603 2741 752 2796 discedere
770 2741 951 2814 prehibetur.
986 2740 1029 2797 Ut
1051 2741 1089 2796 ad
1105 2759 1196 2797 unum
1216 2742 1255 2797 sit
1267 2741 1373 2806 dicere,
1387 2741 1493 2796 melius
1507 2741 1658 2799 crederem

602 2825 731 2881 incidere
750 2826 781 2880 in
798 2826 936 2891 latrones,
957 2844 1045 2896 quam
1063 2826 1152 2880 curia
1170 2826 1283 2896 laqueis
1304 2825 1425 2890 irretiri,
1445 2831 1480 2881 ut
1496 2824 1658 2883 veridicam

602 2909 752 2983 intelligas
769 2911 853 2966 illam
866 2910 985 2966 Domini
1004 2910 1178 2965 sententiam
1197 2929 1262 2982 quie
1280 2910 1397 2976 dieitur,
1419 2910 1486 2966 “Si
1504 2910 1659 2967 abstulerit
1670 2913 1802 2961 allata

604 2997 623 3021 “
643 2995 709 3066 quis
727 2994 782 3050 tibi
800 2995 932 3066 pallium,
953 2993 991 3049 da
1008 2993 1035 3048 oi
1055 2999 1085 3049 et
1102 2994 1276 3061 tunicam;'’
1304 2995 1398 3051 multo
1423 2993 1532 3051 etenim
1550 2994 1658 3053 melius
1670 2972 1703 3014 ω’

603 3080 659 3135 hoo
678 3098 767 3151 quam
776 3079 889 3150 judicio
902 3075 1087 3134 contendere.
1124 3078 1169 3132 Dx
1182 3097 1240 3149 quo
1252 3080 1329 3134 enim
1341 3079 1444 3136 adhoc
1456 3098 1504 3134 ros
1516 3079 1660 3151 perducta

434 3173 583 3219 Extoaionis
604 3165 703 3228 fuerit,
735 3164 785 3218 vix
821 3161 979 3234 aliquando
1013 3163 1100 3218 finem
1134 3162 1266 3218 debitum
1300 3164 1448 3220 sortietur.
1498 3163 1660 3236 Propterea

433 3226 586 3319 {ssssfflffiffl
602 3249 733 3303 Romana
759 3249 822 3320 jam
841 3250 901 3302 fere
921 3248 956 3302 ab
986 3247 1120 3302 omnibus
1152 3248 1337 3304 conculcatur
1367 3247 1499 3314 eeclesia,
1532 3255 1562 3304 et
1590 3267 1659 3305 cum

435 3329 557 3422 fflgfsgft
602 3333 796 3389 reverendum
814 3333 889 3388 nihil
915 3333 997 3387 inea
1020 3332 1177 3403 reperitur,
1197 3350 1254 3386 nou
1274 3337 1318 3387 est
1342 3333 1418 3387 inter
1441 3332 1587 3403 principes
1607 3332 1658 3403 qui

434 3440 517 3488 among
603 3438 667 3473 eam
686 3426 865 3473 revereatur.
904 3417 987 3470 Unde
1013 3417 1040 3471 ei
1067 3417 1143 3470 alius
1169 3416 1281 3495 paedia
1306 3423 1336 3471 et
1361 3417 1559 3488 possessiones
1590 3417 1658 3471 snb-

433 3491 531 3531 ΝΜ
603 3504 703 3568 trahit,
724 3504 799 3558 nlius
821 3509 990 3556 contraeas
1010 3501 1091 3555 dolos
1110 3501 1222 3563 neetit;
1242 3518 1341 3555 omnes
1355 3501 1502 3572 perditum
1521 3507 1660 3571 reputant

604 3589 681 3659 qnod
699 3607 717 3641 a
735 3589 842 3642 talibus
860 3586 1037 3656 possidetur.
1076 3584 1171 3639 Nemo
1190 3585 1218 3638 ei
1236 3586 1431 3640 reverentiam
1455 3585 1580 3650 exhibet,
1600 3585 1658 3639 nisi

604 3692 691 3742 qnam
710 3678 848 3725 meretur.
886 3670 952 3724 Viri
973 3688 1088 3740 queque
1108 3669 1300 3724 ecelesiastici
1328 3653 1520 3724 obedieritiam
1546 3670 1657 3740 passim

604 3756 787 3818 subtrahunt,
820 3761 849 3808 et
878 3754 1040 3824 principem
1075 3754 1214 3808 habentes
1242 3753 1411 3824 propitium,
1439 3755 1558 3824 impune
1589 3772 1655 3807 oon·

437 3856 552 3900 Yettlrere
602 3847 745 3895 temnunt.
785 3839 980 3893 Inveniuntur
1007 3845 1107 3892 tamen
1134 3838 1164 3891 in
1189 3839 1244 3892 hoe
1269 3856 1389 3908 corpore
1409 3839 1500 3892 sancti
1526 3844 1556 3891 et
1570 3837 1655 3907 justi,

434 3908 567 4008 fflfflm
604 3925 655 3980 sed
669 3942 791 3995 [luorum
805 3923 978 3993 simplicitas
992 3929 1022 3975 et
1030 3922 1154 3992 justitia,
1168 3941 1236 3976 curn
1249 3922 1324 3976 alius
1343 3922 1489 3993 praesidet,
1504 3922 1600 3975 minus
1613 3929 1655 3976 ut·

435 4010 577 4062 butnobooy
603 4009 742 4063 tenditur.
770 4009 813 4061 De
827 4007 909 4061 curia
926 4025 997 4077 ergo
1011 4007 1083 4077 quid
1096 4007 1220 4077 speretis
1234 4026 1286 4063 vos
1298 4007 1441 4062 videritis.
1467 4006 1792 4070 Belluamul-Horace„

433 4061 560 4103 utteudsto
769 4093 774 4103 .
972 4092 977 4100 .
1003 4091 1009 4101 .
1268 4092 1273 4101 .
1313 4092 1318 4101 .
1550 4090 1556 4101 .
1670 4061 1747 4111 aput.
1757 4063 1777 4104 l.
1786 4075 1802 4104 1.

435 4111 506 4153 them.
603 4101 700 4148 torum
713 4100 840 4162 capitum
853 4099 906 4146 cst.
939 4091 1024 4145 thrl
1036 4090 1182 4160 unquam¹
1197 4091 1356 4146 studiosius
1370 4090 1516 4161 agendum
1529 4090 1655 4155 videtur,
1669 4113 1701 4155 rs

604 4197 692 4249 quam
710 4185 744 4232 ut
755 4178 791 4230 ab
804 4177 867 4246 ejus
882 4176 1024 4238 faucibus
1039 4175 1109 4229 licet
1121 4193 1177 4229 uon
1190 4175 1253 4229 sine
1265 4176 1392 4239 laesione,
1408 4175 1482 4245 eripi
1495 4174 1654 4229 valeamus.

604 4264 723 4318 Dudum
741 4264 795 4317 hee
812 4262 895 4315 vobis
914 4279 972 4314 non
980 4260 1083 4330 jussus
1102 4259 1296 4330 scripsissem,
1317 4260 1369 4314 sed
1387 4278 1444 4313 non
1457 4259 1657 4330 permiserunt

603 4349 705 4420 aliqui,
725 4366 762 4402 ne
782 4348 855 4402 forte
875 4363 1030 4416 surrepeus
1057 4344 1186 4397 animum
1204 4350 1336 4398 vestrum
1355 4363 1372 4398 a
1389 4343 1538 4415 proposito
1557 4348 1656 4398 saneto

604 4431 931 4490 revocaretdiffidentia.
949 4430 1036 4484 Nunc
1056 4429 1163 4483 furtive
1183 4434 1213 4483 et
1231 4429 1374 4483 secretius
1394 4446 1428 4482 ea
1452 4427 1578 4491 exaravi,
1598 4445 1656 4482 non

603 4525 637 4574 ut
654 4518 787 4573 timidius
815 4516 867 4571 sed
892 4522 925 4569 ut
951 4515 1065 4569 cautius
1093 4513 1258 4567 ambuletis.
1296 4512 1379 4568 Finis
1404 4513 1482 4567 enim
1506 4511 1656 4567 laboribus

602 4603 708 4658 restris
722 4610 752 4656 et
764 4600 908 4671 angustiis
930 4617 982 4670 per
995 4598 1051 4652 Dei
1064 4597 1189 4668 gratiam
1206 4597 1293 4653 citius
1306 4598 1480 4667 imponetur.
1516 4596 1656 4668 Magnam

604 4694 701 4743 tamen
714 4692 743 4740 et
755 4687 899 4739 diutinam
911 4702 1040 4754 pugnam
1056 4699 1108 4736 nos
1127 4682 1265 4737 habuisse
1278 4689 1308 4736 et
1320 4682 1426 4736 habere
1445 4681 1585 4736 noveritis
1604 4698 1657 4751 pro

603 4789 727 4841 porsena
739 4769 890 4832 mittenda,
905 4768 975 4821 dum
987 4786 1039 4820 nos
1053 4766 1136 4821 nobis
1149 4767 1344 4821 neeessariam
1357 4767 1498 4821 instanter
1510 4771 1655 4836 petamus,

436 4857 551 4911 llohopes
603 4873 670 4925 pars
689 4862 788 4908 autem
806 4854 931 4906 adversa
949 4851 1006 4904 sibi
1024 4850 1171 4920 placitam.
1209 4850 1323 4905 Valete.
1362 4849 1540 4920 Egoadvos
1559 4849 1655 4912 venie,

433 4917 564 5004 iffl2‚¹⁰¹⁰'
601 4958 660 4993 una
677 4940 827 4994 vobiscum
854 4935 931 5008 quod
949 4935 1092 4989 Dominus
1111 4933 1225 4988 dederit
1247 4952 1449 5005 perpessurus.
1487 4932 1519 4988 Si
1545 4930 1658 5003 aliquid

603 5023 751 5078 dilectioni
770 5027 874 5078 restrae
893 5038 1000 5091 negare
1021 5018 1225 5081 decrevissem,
1239 5036 1295 5072 non
1316 5018 1475 5073 scriberem
1487 5016 1549 5070 haee
1562 5015 1654 5071 vobis.

736 5144 789 5151 .....-.
1022 5140 1095 5144 ...,-...
1106 5138 1279 5144 -.-—.-...-.
1300 5139 1330 5143 -..
1513 5131 1654 5141 -----

883 5226 888 5254 ¹
910 5221 984 5273 Nihil
995 5222 1114 5288 unquam]
1134 5221 1202 5273 Mihi
1212 5220 1304 5288 inquit,
1315 5220 1372 5274 MS.
