4192 6392
601 1166 664 1229 150
883 1172 1053 1224 nrrsroun
1077 1172 1363 1232 ciinruimnnsns

449 1437 569 1482 ΔΝΜ·
601 1431 769 1491 CLXXIII.
808 1433 975 1491 Rnomnno
993 1434 1191 1490 Biruonmnsr
1209 1433 1356 1490 rrrscoro¹
1374 1431 1542 1489 Gonmnrrs
1560 1429 1639 1487 Oss-

431 1488 589 1534 Alnrsmt.
1030 1522 1204 1563 mmmm

432 1654 587 1718 monerent
635 1650 672 1707 In
689 1651 877 1709 tribulatione
896 1658 927 1708 et
944 1654 1081 1726 angustie
1104 1671 1223 1726 corpore
1243 1660 1273 1710 et
1291 1654 1387 1710 enimc
1406 1651 1499 1708 multo
1516 1656 1651 1723 temporo

432 1706 549 1809 fflfn
599 1736 758 1801 constituti,
779 1737 866 1792 finem
894 1744 1027 1793 nostrum
1055 1739 1085 1793 in
1111 1738 1192 1795 luctu
1219 1743 1250 1794 et
1274 1737 1413 1810 lucrymis
1432 1735 1649 1809 prestolamur,

599 1827 749 1894 sperantes
789 1828 819 1877 et
849 1829 1044 1894 expectantes,
1074 1823 1101 1878 si
1128 1824 1202 1879 forte
1229 1828 1415 1878 convertetur
1445 1827 1476 1876 et
1502 1819 1652 1892 relinquet

598 1905 741 1962 Dominus
760 1914 826 1978 post
839 1907 876 1963 Se
888 1907 1129 1973 benedictionem,
1143 1913 1174 1964 ct
1190 1913 1310 1980 propter
1328 1906 1462 1963 miserias
1481 1905 1601 1977 inopum
1619 1911 1652 1961 et
1662 1902 1717 1948 ³⁰0¹
1725 1903 1750 1948 ii.
1758 1909 1792 1950 14.

598 1992 743 2064 gemitum
772 2010 849 2046 nunc
879 1993 982 2048 saltem
1013 1997 1170 2066 exsurgst;
1206 1991 1263 2061 Qui
1293 1992 1382 2048 etiem
1413 1989 1504 2047 i'retus
1534 1989 1810 2045 miseri-enimus

598 2079 706 2137 condire
724 2081 876 2137 consuevit
892 2081 1052 2148 recordari,
1073 2099 1125 2138 nec
1143 2082 1188 2137 ire
1207 2081 1268 2138 Sue
1286 2081 1415 2136 continet
1432 2077 1651 2135 misericordius
1662 2083 1810 2131 Pslnviso

601 2164 684 2222 Sues.
721 2165 805 2222 Licet
822 2166 859 2221 ed
877 2185 962 2222 eures
980 2167 1099 2239 pietatis
1117 2173 1232 2231 restris,
1256 2171 1338 2238 peter
1356 2163 1529 2228 venerande,
1549 2180 1651 2218 rumor

599 2267 701 2303 eorum
720 2269 784 2322 quae
803 2250 881 2322 npud
899 2269 952 2306 nos
970 2269 1064 2323 nuper
1082 2257 1147 2307 ectu
1166 2258 1233 2306 sunt
1245 2252 1333 2316 ieme,
1355 2257 1389 2304 ut
1406 2247 1562 2312 credimus,
1575 2265 1651 2319 prae·

430 2349 536 2385 nocon-
599 2333 715 2389 volente
734 2336 911 2404 pervenerit,
931 2353 983 2392 nos
1002 2342 1100 2391 temen
1118 2335 1204 2391 inriti
1223 2352 1257 2389 es
1275 2334 1458 2390 subscribere
1477 2332 1596 2387 tandem
1613 2348 1651 2386 ex

430 2391 580 2488 ffffffthe
599 2419 773 2474 necessitate
792 2419 1005 2491 compellimur,
1026 2420 1157 2476 volentes
1183 2419 1275 2491 petris
1303 2419 1396 2474 nostri
1413 2416 1550 2480 verende,
1571 2413 1652 2487 quod

431 2492 548 2587 fflwf
598 2520 656 2558 non
674 2503 736 2558 sine
755 2521 881 2560 moerore
908 2503 1044 2571 dicimus,
1065 2505 1178 2561 detecte
1196 2511 1307 2576 tegere,
1327 2511 1357 2558 et
1381 2502 1491 2558 nudato.
1507 2507 1651 2574 quantum

598 2588 630 2641 in
647 2587 730 2643 nobis
749 2596 795 2643 est
813 2589 937 2660 operire.
975 2588 1031 2658 Qui
1045 2591 1107 2644 fere
1125 2608 1143 2643 o
1160 2589 1256 2661 primu
1273 2588 1453 2660 promotione
1473 2604 1534 2650 suu,
1548 2590 1652 2640 contra

595 2672 673 2743 juris
686 2674 810 2728 formum
822 2680 853 2729 et
864 2675 1015 2744 entiqnem
1033 2680 1251 2730 antecessorum
1264 2690 1385 2728 suorum
1397 2669 1649 2734 consuetudinem,

431 2761 553 2808 rhenon-
599 2757 630 2811 in
655 2775 707 2812 nos
735 2764 765 2813 et
790 2764 892 2815 nostre.
915 2777 1035 2814 menum
1054 2758 1184 2814 extendit
1202 2759 1359 2822 duriorem,
1383 2757 1485 2812 exenis¹
1502 2763 1602 2812 nostre
1620 2760 1652 2810 et

430 2813 565 2910 fflffl:
599 2841 737 2898 ecclesias
750 2849 874 2908 nostres,
890 2861 955 2914 quae
967 2844 1070 2898 usibus
1083 2861 1245 2915 pauperum
1257 2849 1288 2898 et
1298 2843 1522 2914 peregrinorum
1534 2841 1653 2896 fuerent

429 2917 573 3011 fflffigm
599 2926 754 2999 deputntae,
774 2935 875 2984 contro
888 2928 966 2999 juris
985 2927 1117 2983 ordinem
1136 2935 1166 2984 et
1184 2928 1382 2983 Romanorum
1408 2926 1579 2998 pontificum
1604 2924 1649 2979 in·

429 3028 548 3063 nerones.
599 3010 681 3067 dulte
698 3012 865 3084 privilegia,
879 3012 962 3067 nobis
981 3012 1112 3078 abstulit,
1133 3020 1164 3069 et
1181 3030 1230 3067 ens
1248 3011 1440 3067 cleriois'suis
1459 3009 1650 3066 nihilominus

598 3095 681 3150 nobis
711 3096 939 3151 reclamantibus
977 3096 1149 3168 assignavit.
1201 3095 1277 3152 Sene
1307 3096 1339 3151 in
1366 3095 1499 3150 discessu
1529 3111 1582 3150 suo
1612 3092 1650 3147 nb

598 3179 708 3251 Anglio
736 3180 911 3251 quibusdem
935 3181 1076 3237 maneriis
1103 3180 1212 3237 nostris
1236 3199 1289 3237 nos
1315 3180 1474 3252 spolierit;
1501 3179 1534 3233 in
1550 3176 1650 3233 reditu

599 3282 669 3320 vero
688 3282 741 3320 sno
759 3282 812 3320 nec
831 3283 950 3337 pessum
968 3265 1053 3337 pedis
1072 3271 1155 3321 extre
1177 3274 1292 3337 portem
1310 3265 1394 3320 nobis
1412 3263 1542 3334 reliquit.
1578 3261 1652 3317 Pro·

599 3350 690 3403 cessit
708 3349 833 3404 ulterius
851 3349 985 3422 praedicti
1010 3350 1104 3422 petris
1122 3350 1216 3405 nostri
1234 3349 1429 3413 inclementia,
1445 3355 1474 3404 et
1492 3346 1650 3402 infundens

432 3442 476 3488 llis
526 3448 565 3490 nte
599 3434 771 3488 vulneribus
790 3435 897 3490 nostris
916 3435 983 3507 plus
1001 3434 1064 3489 vini
1084 3452 1171 3506 quum
1190 3433 1256 3497 olei,
1278 3453 1336 3505 quo
1353 3433 1430 3504 apud
1443 3451 1496 3487 nos
1507 3432 1651 3487 hactenus

430 3493 585 3590 fflhffkffl
599 3517 764 3572 inauditum
783 3528 837 3583 est,
858 3520 1037 3590 intempore
1057 3525 1087 3574 et
1104 3520 1167 3574 loco
1188 3520 1271 3590 pecie
1289 3537 1407 3573 murum
1434 3518 1524 3572 curios
1542 3523 1651 3572 nostrin

430 3600 584 3693 ssssffiffiffi
598 3602 696 3657 valide
714 3610 744 3656 et
762 3603 892 3659 violento
910 3623 997 3659 monn
1016 3605 1086 3659 lecit
1103 3606 1262 3675 perforare,
1283 3605 1357 3660 seris
1376 3611 1406 3658 et
1424 3603 1507 3658 ostiis
1526 3601 1652 3656 officiun-

430 3699 553 3762 oeizedthc
598 3705 664 3741 rum
683 3694 849 3741 nostrarum
868 3689 1010 3758 usquead
1041 3689 1150 3744 ostium
1170 3689 1291 3744 claustri
1309 3689 1415 3744 dirutis
1435 3696 1465 3744 et
1483 3689 1650 3751 confractis,

431 3759 563 3801 mmm·
599 3778 629 3826 ot
647 3771 823 3825 victualibus
842 3772 949 3826 nostris
969 3773 1072 3827 exinde
1086 3774 1251 3844 asportetis,
1264 3773 1374 3827 milites
1394 3791 1462 3828 suos
1482 3780 1512 3828 et
1529 3772 1652 3828 clericos

599 3872 681 3909 norae
701 3855 830 3926 cupellas,
846 3875 910 3926 quse
923 3857 1014 3911 totius
1028 3858 1219 3912 seminarium
1232 3865 1277 3912 est
1295 3857 1458 3920 discordiis,
1474 3856 1651 3921 introduxit3

600 3958 656 3994 non
674 3939 774 3994 habito
793 3947 929 4011 respectu
948 3941 994 3995 rel
1014 3942 1051 3995 nd
1076 3949 1243 3997 sanctorum
1262 3943 1368 3997 merita
1387 3961 1511 4013 quorum
1530 3960 1654 4013 corpore

600 4025 630 4077 in
649 4025 853 4079 Cnntuuriensi
879 4025 1068 4095 requiescunt
1095 4027 1219 4081 ecclesie
1244 4033 1274 4082 et
1300 4045 1353 4098 pro
1379 4027 1442 4097 ejus
1470 4044 1567 4080 umore
1587 4045 1653 4080 sau·

600 4109 719 4179 guinem
739 4128 824 4163 snum
844 4109 992 4174 fuderunt,
1007 4111 1105 4165 velud
1124 4112 1263 4166 Romanas
1282 4112 1370 4175 sedis,
1391 4110 1428 4164 ud
1447 4128 1535 4182 quem
1553 4110 1652 4182 appel·

600 4193 726 4247 lavimus
746 4195 951 4258 reverentiam,
973 4196 1003 4250 in
1022 4197 1108 4266 cnjus
1126 4203 1285 4266 conspectu
1303 4214 1369 4250 cnm
1388 4196 1485 4266 priore
1504 4201 1604 4249 nostro
1623 4200 1653 4249 et

600 4278 740 4332 fratribus
759 4279 867 4333 nostris
882 4279 945 4349 jum
963 4298 1037 4334 enno
1057 4280 1184 4335 secundo
1203 4281 1347 4345 stetimus
1362 4280 1432 4335 licet
1445 4286 1538 4336 status
1550 4285 1653 4335 noster

433 4363 565 4407 nonnu-
596 4362 660 4432 jem
672 4380 745 4433 pene
764 4363 862 4417 nullus
876 4373 930 4427 cst,
946 4365 1034 4419 immo
1047 4366 1163 4435 penitus
1176 4365 1363 4420 adnihilutns.
1402 4365 1450 4419 Ad
1462 4365 1516 4420 hoc
1529 4365 1602 4420 duos
1615 4365 1652 4419 de

431 4427 584 4509 ξὲῗῗῇῑζᾞζῖ
601 4446 740 4502 iratribus
754 4449 862 4502 nostris
877 4467 948 4519 quos
962 4449 999 4502 ad
1011 4449 1188 4503 offerendum
1202 4450 1228 4503 ei
1248 4448 1463 4520 processionem
1476 4450 1512 4503 W
1514 4449 1653 4520 ingehem

432 4517 542 4610 fflltffn
601 4530 822 4598 destinavimus,
840 4531 1025 4603 [antequem]
1046 4535 1083 4588 ud
1102 4552 1170 4589 enin
1189 4534 1368 4598 accederent,
1390 4552 1441 4605 per
1455 4535 1652 4589 internuncios

433 4618 572 4663 salutehim.
600 4615 786 4671 denunciavit
805 4619 1077 4682 excommunicatos,
1107 4620 1158 4672 seul
1186 4625 1215 4673 et
1242 4620 1325 4689 cquis
1353 4637 1453 4672 eorum
1482 4619 1586 4673 ablutis
1606 4637 1653 4672 ex-

600 4702 802 4765 traordinarie,
823 4703 1016 4773 ignominiose
1036 4722 1128 4774 usqne
1148 4703 1184 4756 nd
1203 4723 1255 4757 nos
1275 4704 1387 4774 pedites
1406 4722 1455 4758 eos
1474 4703 1570 4757 redire
1588 4721 1654 4773 pei·-

601 4786 690 4840 misit.
737 4786 903 4840 Servientcs
936 4805 1052 4857 quoquc
1083 4794 1197 4842 nostros
1228 4789 1313 4842 tectis
1334 4787 1525 4843 sacrosanctis
1553 4788 1654 4858 jurare

600 4871 705 4941 coegit,
727 4870 804 4941 qnod
823 4870 852 4924 in
871 4872 966 4925 nessi
992 4872 1066 4925 l'ortc
1086 4872 1294 4941 egrederemur·
1322 4891 1424 4928 monus
1443 4874 1604 4938 mitterent,
1623 4878 1655 4928 et

874 5104 879 5132 ¹
900 5101 1023 5165 liegineld
1034 5102 1212 5165 Fitr·Joccliu,
1227 5108 1381 5156 1174-1191.
