4192 6392
604 1159 647 1223 90
887 1166 1060 1220 mussona
1081 1166 1371 1234 cassusnmssas,

455 1363 577 1408 aaran
606 1347 826 1404 Cantuariensis
856 1347 998 1411 ccclesias,
1024 1363 1092 1402 cum
1122 1345 1256 1402 custodia
1285 1346 1415 1401 omnium
1438 1346 1659 1418 possessionum

467 1414 565 1465 *um
606 1438 636 1488 et
654 1449 753 1486 rerum
780 1431 818 1486 ad
843 1430 937 1502 ipsam
964 1429 1184 1502 pertinentium,
1203 1429 1401 1501 recipiendam
1425 1430 1463 1486 de
1486 1448 1579 1488 mann
1595 1438 1657 1499 tua,
1696 1494 1699 1499 ,

437 1487 577 1582 'ffiffiffl'
606 1516 741 1588 episcope
760 1515 906 1581 Rcfcusis,
926 1514 991 1570 vica
1010 1514 1104 1585 ipsius
1123 1513 1345 1585 archiepiscopi.
1383 1514 1423 1570 aa
1438 1515 1507 1571 volo
1531 1522 1567 1572 ut
1582 1517 1656 1583 hae,

437 1592 556 1684 effic!
606 1601 683 1655 sicut
700 1599 905 1670 inpraesentia
932 1616 998 1653 mea
1015 1603 1045 1654 et
1063 1598 1205 1653 baronum
1229 1614 1362 1653 meorum
1380 1598 1554 1665 factasunt,
1574 1602 1658 1658 vobis

439 1690 493 1735 aaa
605 1685 795 1741 innotescant.
833 1684 921 1738 Teste
939 1682 1067 1753 Hugonc
1086 1681 1277 1738 (lovennensi
1295 1681 1388 1739 eleeto
1405 1683 1484 1756 apud
1500 1682 1626 1743 aleran.

482 1917 550 1962 m,
818 1895 932 1953 CXIII.
969 1896 1093 1952 Uasano
1111 1909 1188 1950 raes
1206 1894 1357 1952 Hssurcos
1374 1912 1440 1952 anx.

436 1969 590 2095 riffid.
643 2025 812 2083 Sanctitatis
839 2034 945 2083 vestrm
969 2026 1139 2082 mandatum
1164 2044 1231 2082 cum
1257 2026 1356 2083 debita
1373 2026 1556 2100 suscepimus
1574 2046 1656 2085 reve·

437 2093 561 2196 {ffiffi
570 2143 594 2186 in
606 2112 710 2177 rentia,
725 2129 782 2183 quo
795 2112 1022 2168 sollicitudinem
1033 2117 1165 2167 nonnam
1177 2112 1318 2168 attentius
1330 2129 1448 2167 monere
1465 2112 1589 2185 didm
1600 2118 1654 2180 ⁰⁸¹⁵·

439 2194 578 2287 diffidit!
607 2201 639 2250 ut
657 2195 693 2250 ad
711 2213 813 2266 pacem
830 2196 1046 2251 reformandam
1072 2195 1149 2250 inter
1174 2195 1325 2250 dominum
1343 2197 1607 2269 archiepiscopum,
1627 2204 1658 2254 et

439 2294 587 2343 iuuisse-‚he
605 2279 734 2349 priorem
760 2287 791 2336 ct
815 2280 971 2336 monachos
991 2279 1158 2341 Cantuariae
1185 2279 1344 2334 debeamus
1362 2297 1481 2352 operam
1506 2280 1655 2337 adhibere.

439 2344 583 2448 ffiffiffi
606 2362 680 2418 Cum
698 2370 796 2419 autem
815 2373 884 2421 tunc
903 2365 933 2419 in
950 2364 1084 2436 partibus
1096 2363 1295 2428 Normaunim,
1309 2370 1429 2436 propter
1447 2365 1658 2435 urgentissima

438 2446 589 2547 mitid?
606 2445 804 2502 detineremur
828 2447 956 2520 negotia,
983 2450 1083 2502 tamen
1113 2452 1147 2502 ut
1176 2446 1313 2502 mandato
1339 2450 1439 2503 vestro
1465 2446 1656 2506 nihilominus

437 2545 594 2597 sindremont,
606 2549 783 2603 pareremus,
804 2532 840 2587 dc
868 2531 990 2587 consilio
1008 2532 1141 2587 fidelium
1158 2535 1326 2587 nostrerum
1351 2538 1546 2589 memoratum
1563 2532 1657 2591 archi·

436 2595 568 2693 fflfflffl
604 2614 772 2688 episcopum
798 2616 835 2671 ad
859 2633 911 2671 uos
939 2616 975 2671 ab
993 2613 1104 2687 Anglia
1122 2614 1246 2670 fecimus
1274 2616 1399 2672 evocari.
1437 2616 1572 2689 Cumque
1596 2622 1656 2674 tam

604 2700 667 2773 ipso
686 2719 774 2772 quam
792 2700 884 2772 aliqui
910 2717 944 2755 ex
962 2698 1113 2754 monachis
1133 2699 1163 2753 in
1180 2702 1281 2755 nostra
1298 2705 1397 2755 essent
1417 2700 1575 2771 praesentia
1592 2720 1657 2758 con·

603 2786 709 2850 stituti,
724 2784 760 2840 dc
778 2785 867 2839 verbe
885 2784 966 2856 pacis
985 2788 1095 2854 quanta
1109 2782 1259 2854 potuimus
1278 2782 1435 2840 sedulitate
1453 2785 1655 2853 tractavimus,

603 2876 634 2925 ct
657 2874 776 2925 catenus
804 2868 905 2923 divina
930 2868 1027 2941 gratia
1048 2866 1197 2939 aspirante
1218 2885 1390 2939 processum
1414 2874 1470 2935 est,
1490 2868 1570 2941 quod
1590 2887 1656 2943 spes

603 2953 696 3025 plenae
721 2952 801 3025 pacis
828 2952 935 3007 illuxit.
986 2950 1115 3006 Proinde
1143 2951 1291 3007 sanctitati
1321 2956 1428 3007 vestrm
1457 2952 1657 3025 supplicamus

602 3036 745 3104 obnixius,
760 3045 903 3108 quatenus
921 3039 1116 3090 memoratum
1129 3034 1258 3107 priorem
1276 3034 1314 3091 ad
1330 3052 1384 3091 nos
1400 3037 1547 3094 maturius
1558 3036 1657 3095 remit·

604 3121 683 3187 tatis,
703 3126 738 3176 ut
754 3121 906 3193 negotium
924 3119 1005 3191 pacis
1032 3117 1110 3191 quod
1128 3118 1165 3174 de
1190 3119 1327 3175 mandato
1344 3126 1445 3177 vestro
1469 3120 1657 3178 laudabiliter

600 3204 664 3276 jam
689 3202 856 3261 inchoatum
882 3208 937 3269 est,
957 3206 1115 3275 praestuntc
1134 3201 1259 3257 Domino
1277 3200 1403 3259 feliciter
1428 3210 1655 3262 consummetur.

436 3310 580 3363 alternas
605 3288 688 3358 Quod
716 3289 741 3345 si
767 3287 848 3360 prior
874 3286 937 3360 ipse
963 3287 1011 3343 vel
1036 3286 1171 3341 monachi
1197 3286 1310 3358 aliquid
1335 3306 1353 3342 a
1378 3288 1534 3345 sanctitate
1558 3294 1657 3346 vestra

436 3360 585 3405 postolatur
605 3373 742 3428 duxerint
766 3372 969 3444 expetendum,
999 3370 1078 3442 quod
1105 3370 1214 3425 bonum
1240 3371 1321 3442 pacis
1348 3372 1447 3428 valcat
1473 3372 1655 3445 perturbare,

436 3416 460 3454 to
469 3423 514 3505 unp
522 3412 569 3454 fur·

436 3462 489 3505 ther
513 3475 534 3505 c
605 3474 743 3528 rogamus
762 3456 902 3512 attentius
920 3474 957 3510 no
976 3473 1025 3511 cos
1044 3455 1075 3510 in
1093 3453 1148 3509 hoc
1166 3454 1304 3511 exaudire
1323 3454 1432 3512 velitis.
1471 3456 1595 3513 Certum
1613 3462 1658 3515 est

435 3512 570 3613 diffidit
606 3542 683 3595 onim
703 3541 781 3611 quod
798 3541 829 3594 in
847 3558 918 3611 pace
945 3538 1027 3595 illius
1053 3537 1186 3595 ccclesia
1204 3556 1261 3611 pax
1285 3544 1386 3597 nostra
1411 3546 1442 3596 et
1459 3540 1657 3614 tranquillitas

438 3613 555 3666 ttroprior.
605 3624 690 3695 regui
709 3623 802 3679 nostri
820 3623 963 3679 consistit.

480 3873 547 3917 Aa„
676 3845 785 3902 CXIV.
824 3844 888 3900 Rnx
906 3844 1027 3900 Arcus
1045 3845 1181 3900 Heremo
1200 3858 1297 3900 rn1cn1
1316 3843 1533 3902 Gaurumssu
1551 3862 1585 3903 m

449 3925 579 3977 Aufflffliffi·
1040 3944 1127 3984 scens
1145 3943 1215 3984 sels.

437 4068 550 4132 ffhokius
640 4060 684 4116 Ob
703 4058 896 4116 reverentiam
914 4059 1045 4115 mandati
1064 4058 1217 4131 apostolici
1237 4060 1316 4130 quod
1334 4060 1441 4116 fratres
1459 4060 1552 4118 vestri
1573 4062 1655 4119 nobis

437 4118 569 4213 ιζ’,ἷὲῗῗῧὲῖ
570 4129 583 4161 ⁰
604 4146 807 4211 exhibuerunt,
828 4145 917 4200 simul
935 4145 1024 4200 etiam
1048 4161 1146 4199 amore
1165 4142 1287 4209 inducti,
1309 4162 1366 4215 quo
1385 4148 1509 4200 matrem
1527 4152 1656 4203 nostram

436 4183 592 4316 iffiffiffffi·
605 4229 847 4287 Oantuaricnsem
874 4228 1029 4284 ecclesiam
1048 4228 1265 4299 amplexamur,
1298 4244 1365 4283 eum
1383 4235 1453 4284 tunc
1474 4229 1656 4300 inpartibus

435 4304 585 4393 lpsnoprroin
604 4315 792 4371 Normanniae
822 4319 941 4386 propter
972 4318 1079 4368 caetera
1116 4312 1316 4367 detineremur
1346 4312 1474 4384 negotia,
1507 4314 1656 4369 dominum

435 4374 473 4466 ,iiii
488 4373 571 4467 'iiidie
606 4399 844 4456 cantuariensem
870 4396 907 4451 ad
934 4413 986 4450 nos
1015 4396 1051 4450 ab
1070 4395 1181 4467 anglia
1198 4396 1322 4450 fecimus
1341 4396 1466 4450 evocari.
1505 4395 1562 4464 Qui
1589 4412 1657 4452 cum

436 4476 634 4568 ,sffioll‘fffiin
653 4491 754 4539 nostra
772 4486 850 4537 esset
873 4481 1029 4553 praesentia
1057 4480 1242 4544 constitutus,
1262 4480 1339 4535 inter
1365 4496 1432 4533 eum
1460 4485 1491 4534 et
1516 4482 1657 4551 quosdam

435 4576 587 4621 uiutnecou·
605 4570 711 4623 fratres
742 4573 855 4621 vestros
887 4566 936 4636 qui
964 4565 1052 4619 simul
1079 4565 1210 4628 aderant,
1242 4562 1279 4617 de
1306 4563 1380 4618 bono
1407 4563 1488 4634 pacis
1520 4565 1657 4621 tractavi-

436 4629 497 4670 sant.
605 4671 688 4706 mus:
710 4658 739 4706 et
758 4656 877 4705 catenus
898 4648 1044 4720 aspirante
1062 4648 1186 4704 Domino
1198 4664 1368 4718 processum
1387 4653 1441 4712 est,
1462 4646 1541 4717 quod
1561 4649 1656 4720 plenas

603 4736 684 4808 pacis
704 4754 770 4806 spes
788 4734 871 4789 nobis
889 4732 996 4787 illuxit.
1035 4732 1161 4787 Proinde
1179 4731 1351 4787 mandamus
1368 4731 1453 4787 vobis
1475 4736 1506 4787 et
1522 4730 1657 4789 districts

603 4820 964 4893 praecipimuS,q11ate11us
991 4816 1068 4872 sicut
1094 4816 1219 4887 diligitis
1244 4817 1383 4871 iionorcm
1410 4822 1544 4872 nestrum
1562 4823 1594 4873 et
1610 4834 1655 4874 ee·

603 4905 701 4961 clesisa
721 4902 949 4964 cantuariensis,
969 4900 1042 4955 visis
1070 4901 1178 4956 littoris
1206 4900 1272 4956 istis
1291 4901 1329 4955 ad
1356 4917 1407 4956 nos
1429 4902 1604 4972 properetis,
1623 4907 1658 4957 ut

603 4990 726 5045 verbum
756 4988 837 5060 pacis
868 4985 947 5056 quod
973 4984 1036 5055 jam
1068 4985 1235 5040 inchoatum
1266 4990 1321 5050 est,
1348 4984 1432 5040 vobis
1462 4985 1656 5055 praesentibus

604 5072 719 5128 felicius
747 5070 973 5127 consummetur.
1012 5067 1184 5124 Inhibemns
1211 5085 1283 5138 ergo
1301 5067 1466 5126 districtius
1491 5086 1528 5125 no
1545 5068 1658 5140 aliquid
