4192 6392
778 1142 937 1195 ruuroan
959 1142 1167 1199 esmnwrnr.
1484 1143 1505 1206 7

443 1337 570 1393 scopum
595 1317 771 1376 auctoritate
797 1324 898 1374 nostra
916 1336 1036 1374 monere
1055 1321 1165 1377 curetis
1188 1327 1218 1377 et
1236 1322 1398 1394 diligenter
1416 1324 1501 1378 indu·
1533 1332 1653 1380 turres.

442 1423 523 1470 cere,
549 1409 584 1461 ut
609 1403 797 1476 praescriptas
828 1404 967 1459 ecclesias
997 1405 1101 1459 usibus
1132 1405 1192 1461 illis
1219 1407 1365 1472 restituat,
1395 1408 1501 1478 quibus
1524 1383 1670 1438 ³²¹¹¹¹¹¹7¹³·

442 1491 593 1562 deputatas
611 1489 732 1544 fuerunt
749 1494 779 1543 et
797 1488 969 1543 auctoritate
987 1489 1147 1559 apostolica
1165 1491 1351 1546 confirmatas.
1380 1492 1414 1548 Si
1430 1511 1501 1548 vero
1514 1506 1539 1549 1r
1545 1507 1574 1552 he
1583 1510 1629 1554 will

443 1573 566 1629 monitis
583 1571 692 1628 vestris
709 1571 747 1627 ad
766 1571 821 1627 hoe
848 1572 948 1627 induci
973 1574 1151 1642 nequiverit,
1171 1575 1331 1645 privilegia
1357 1581 1388 1631 et
1405 1560 1661 1631 muni.¹¹⁰l0⁰1¹¹l>15·

1512 1608 1569 1661 they
1577 1623 1616 1654 are
1624 1613 1648 1654 to

443 1663 546 1712 menta
564 1674 629 1728 qnae
644 1656 797 1727 jamdicti
816 1656 922 1711 fratres
941 1657 1079 1712 duxerint
1090 1658 1304 1727 praesentanda,
1324 1665 1355 1714 et
1371 1659 1500 1716 rationes
1513 1659 1649 1755 aemam

443 1741 538 1797 etiam
565 1758 637 1812 quas
664 1757 752 1811 super
774 1740 829 1794 hoo
847 1741 984 1811 proponit
1008 1740 1089 1796 idem
1107 1742 1344 1813 archiepiscopus
1363 1743 1499 1809 audiatis,
1512 1759 1653 1805 omnine

442 1832 479 1881 et
506 1829 568 1880 tam
593 1825 738 1894 rescripta
773 1824 999 1895 privilegiorum
1029 1826 1160 1895 ipsorum
1190 1844 1279 1897 quam
1308 1828 1500 1900 allegationes
1513 1811 1647 1904 &Q

443 1908 519 1963 hino
543 1907 610 1963 inde
639 1907 808 1977 productas,
829 1907 884 1962 sub
912 1907 1020 1977 sigillis
1039 1909 1147 1964 vesnia
1171 1910 1255 1965 nobis
1273 1911 1408 1976 mittatis,
1427 1929 1501 1982 prae·

444 1992 573 2062 figentes
606 1991 740 2062 partibus
776 1991 936 2046 terminum
972 1997 1193 2063 competentem,
1231 2012 1288 2065 quo
1324 2013 1392 2050 oum
1428 1995 1501 2066 ipsis

443 2074 607 2146 apostolico
624 2074 794 2146 conspectui
817 2080 1038 2145 repraesentent,
1064 2082 1097 2131 ut
1121 2094 1176 2147 per
1201 2094 1254 2133 vos
1282 2078 1401 2149 cognita
1425 2077 1500 2134 veri·

443 2164 508 2215 tate
526 2159 618 2215 tutius
636 2159 793 2230 procedere
811 2158 958 2231 possimus
976 2161 1007 2214 in
1025 2177 1122 2215 causa.
1155 2160 1264 2217 Datum
1282 2160 1414 2226 Veronae,
1434 2161 1501 2218 idus

444 2243 467 2298 J
469 2243 592 2298 aunarii.

442 2435 857 2511 VI„L1msns1ursrnlr.s
886 2453 903 2489 i
931 2438 1115 2499 semanno,
1143 2451 1240 2491 raons
1272 2451 1418 2503 venirene,
1447 2454 1500 2494 rso
1530 2448 1651 2496 anana

690 2536 812 2575 cssosrl
832 2535 1023 2575 sncnnsmuu
1040 2535 1196 2575 emansor.
1529 2500 1655 2546 mm

480 2627 616 2683 Urbanus
635 2646 711 2699 papa
744 2627 914 2682 Baldowino
933 2626 1138 2682 Cantnariensi
1163 2628 1393 2699 archiepiscopo.
1432 2629 1499 2700 aig·
1512 2627 1592 2721 ffiff
1603 2629 1647 2673 111.

441 2711 595 2766 nificatum
620 2717 666 2766 est
690 2711 774 2766 nobis
793 2729 827 2765 ex
856 2717 938 2782 parte
964 2717 1023 2774 tua,
1045 2710 1123 2781 quod
1152 2727 1219 2765 oum
1242 2711 1346 2767 beatus
1373 2712 1499 2768 Thomas
1511 2691 1644 2773 heardssthat

441 2801 557 2863 martyr
575 2794 687 2850 Christi
713 2795 746 2848 in
762 2795 824 2849 vita
848 2812 901 2849 sua
925 2793 1109 2865 propositum
1128 2800 1245 2863 gereret
1263 2801 1293 2849 et
1318 2795 1500 2851 voluntatem
1511 2778 1646 2872 ffinm

442 2878 567 2933 haberet
602 2879 756 2934 eeclesiam
789 2879 820 2932 in
856 2879 965 2932 honore
1001 2877 1080 2931 beati
1110 2877 1250 2947 Stephani
1282 2878 1437 2944 aedificare,
1470 2887 1499 2936 et
1510 2879 1631 2924 1111101110

438 2962 613 3034 praebendas
643 2963 674 3017 in
704 2979 739 3016 ca
767 2962 804 3016 de
833 2962 967 3018 ecclesiis
995 2960 1212 3031 parochialibus
1243 2979 1308 3032 quae
1338 2961 1376 3016 ad
1404 2929 1629 3034 ipsiueiiinegior

439 3047 627 3102 donationem
658 3047 828 3117 spectabant
857 3052 1036 3110 construere,
1065 3044 1101 3099 de
1132 3045 1239 3115 quibus
1270 3045 1372 3099 clerici
1402 3030 1634 3127 eidemffigfflf

438 3131 574 3186 ecclesias
593 3131 801 3193 deservientes,
821 3131 854 3183 in
871 3129 1017 3183 communi
1039 3129 1160 3182 honeste
1182 3133 1302 3198 possent
1320 3135 1350 3183 et
1367 3146 1497 3199 congrue
1509 3129 1651 3225 fflffi.

439 3216 618 3279 sustentem
649 3215 791 3285 martyrio
813 3213 939 3268 feliciter
958 3218 1122 3277 coronatus,
1143 3229 1201 3266 non
1225 3213 1322 3283 potnit
1348 3213 1423 3283 quod
1452 3214 1645 3276 inarabile

440 3300 577 3355 tenderat
601 3300 632 3353 in
657 3300 712 3354 hae
739 3304 822 3370 parte
847 3314 900 3368 pro
918 3301 986 3351 voto
1012 3296 1169 3366 complere.
1207 3295 1320 3350 Verum
1348 3297 1418 3366 quia
1436 3282 1630 3386 sig-,⁰1¹1¹¹1²,¹{}¹}j‘}t

440 3384 569 3440 nifloasti
587 3383 651 3454 ejus
678 3388 708 3438 te
726 3383 758 3436 in
785 3381 839 3436 hac
858 3387 940 3452 parto
958 3380 1079 3450 pietatis
1105 3379 1258 3434 ostendere
1285 3397 1495 3447 successorem,
1536 3365 1637 3478 twa

438 3466 631 3538 praesentium
661 3466 716 3521 tibi
746 3465 920 3520 auctoritato
947 3463 1086 3517 duximus
1111 3461 1334 3533 indulgendum,
1355 3470 1389 3520 ut
1409 3464 1497 3521 liceat
1508 3482 1629 3528 noenoeeo

437 3550 497 3607 tibi
515 3550 669 3607 ecclesiam
681 3549 764 3605 illam
782 3550 813 3602 in
830 3549 938 3603 honoro
957 3548 1109 3602 beatorum
1128 3550 1292 3617 martyrum
1307 3548 1448 3619 Stephani
1467 3556 1497 3605 et
1508 3538 1646 3639 ffigffiu·

437 3636 570 3699 Thomae,
600 3634 676 3689 sicut
702 3633 782 3687 idem
807 3633 953 3703 gloriosus
980 3637 1093 3700 martyr
1121 3630 1305 3702 disposuerat
1330 3632 1360 3686 in
1387 3633 1496 3688 honore

439 3719 521 3774 beati
547 3718 687 3788 Stephani
718 3721 897 3780 construere,
930 3722 959 3771 et
986 3715 1022 3769 de
1051 3714 1163 3769 idoneis
1190 3716 1322 3786 personis
1349 3717 1493 3781 ordinare,

438 3803 548 3874 quibus
574 3802 715 3857 beneficia
744 3801 781 3856 ed
807 3799 1051 3855 sustentationem
1070 3816 1170 3853 corum
1190 3801 1369 3855 constituens
1389 3799 1495 3856 debeas

438 3886 578 3944 canonice
597 3886 758 3956 assignare.
797 3884 841 3939 Ila
859 3890 958 3939 tamen
976 3884 1077 3938 habito
1095 3883 1291 3954 providentia,
1311 3890 1345 3939 ut
1364 3884 1495 3939 ecelesiae

437 3972 499 4027 illas
518 3970 625 4025 debitis
643 3969 793 4039 obsequiis
812 3975 842 4023 ct
859 3968 1033 4023 necessariis
1053 3967 1207 4037 stipendiis
1235 3986 1292 4022 non
1312 3967 1493 4024 fraudentur.

437 4055 526 4111 Nulli
544 4072 615 4125 crgo
634 4054 750 4108 omnino
769 4052 920 4106 hominum
939 4052 1026 4106 liceat
1054 4051 1128 4105 hanc
1147 4051 1284 4121 paginam
1303 4058 1410 4107 nostra>
1429 4070 1495 4106 con·

437 4140 581 4196 cassionis
600 4139 771 4208 infringere,
791 4137 839 4192 rel
859 4137 885 4190 ei
905 4155 979 4191 ausu
1004 4136 1161 4190 temerario
1180 4137 1335 4191 contraire.
1376 4136 1407 4191 Si
1429 4138 1495 4206 quis

437 4232 538 4280 autem
557 4228 613 4279 etc.
650 4221 760 4277 Datum
779 4220 913 4284 Veronae,
934 4218 1067 4274 kalendis
1087 4219 1231 4275 Octobris.

579 4405 651 4461 VII.
689 4407 887 4461 corfinii-ino
905 4404 1034 4458 Hernici
1053 4404 1154 4458 nac1s¹
1176 4416 1316 4458 CANONIAE.
1525 4401 1578 4445 Ml·
1587 4405 1644 4448 11⁸⁷·

474 4517 622 4572 chricus
641 4533 690 4570 rex
710 4514 826 4583 Anglioe
840 4513 892 4567 &a
907 4510 1144 4581 archiepiscopis,
1159 4510 1313 4580 episcopie,
1328 4509 1491 4573 abbatibus,
1506 4517 1618 4573 Thetim

435 4608 469 4659 et
498 4600 632 4656 omnibus
664 4598 799 4654 fidelibus
830 4596 892 4651 suis
923 4595 1058 4650 salutem.
1109 4594 1215 4649 Sciatis
1248 4593 1325 4665 quod
1352 4567 1638 4666 inspeetisiffgffi,

476 4775 589 4842 'fleury
600 4776 635 4826 11.
649 4791 701 4825 nas
711 4774 739 4824 in
750 4773 869 4840 England
880 4770 946 4821 from
989 4768 1112 4834 Alenpou.
1147 4767 1185 4818 cf.
1215 4767 1314 4824 Diceto,
1339 4773 1395 4825 630,
1425 4772 1473 4816 634
1485 4785 1493 4825 3

444 4860 518 4915 1186,
538 4855 614 4920 April
634 4860 674 4917 28,
693 4862 720 4904 to
739 4857 811 4911 1187,
828 4852 887 4902 Feb.
908 4855 945 4900 15.
990 4849 1195 4908 Gerrase,1505.
1230 4845 1327 4895 Isthis
1346 4847 1377 4894 be
1397 4860 1432 4901 so,
1449 4844 1491 4893 the

442 4937 470 4987 lt
486 4933 509 4984 is
525 4934 643 5000 probabis
663 4934 717 4984 that
737 4932 787 4983 this
807 4932 879 4981 letter
896 4945 947 4979 was
989 4933 1090 4992 present
1106 4927 1180 4977 letter
1195 4933 1288 4975 cannot
1298 4925 1329 4973 be
1341 4925 1383 4972 the
1394 4937 1442 4972 one
1453 4937 1492 4972 re·

436 5010 947 5078 innedulatenang.ss,1rst‚rhen
989 5006 1071 5056 ferred
1088 5013 1114 5058 to
1130 5007 1165 5071 by
1185 5003 1302 5054 Baldwin
1322 5000 1348 5050 in
1370 4999 1419 5051 No.
1437 4998 1490 5049 viii.

436 5090 483 5143 the
506 5088 573 5155 king
596 5093 645 5141 and
664 5089 817 5155 archbishop
832 5104 897 5140 were
921 5095 947 5138 at
990 5085 1079 5135 below.
