4192 6392
626 1172 669 1233 ‘20
912 1185 1082 1236 rrrsromu
1105 1184 1399 1249 clarummane,

471 1454 593 1501 ssim?-
687 1457 800 1512 XXIV.
834 1458 1008 1512 Bsnnawrso
1025 1472 1247 1514 memruooro
1263 1458 1440 1513 Exosmsrs
1456 1471 1614 1512 mmcorss.

661 1584 832 1642 Reverendo
859 1586 936 1657 patri
955 1592 985 1640 et·
1004 1584 1121 1641 domino
1145 1584 1321 1648 Baldewino,
1348 1581 1404 1638 Dei
1423 1582 1530 1654 gratis,
1553 1581 1681 1638 Cantus·

625 1670 716 1725 riensi
734 1669 961 1741 archiepiscopo,
981 1670 1071 1725 tetius
1090 1668 1208 1740 Angliae
1226 1667 1346 1740 primati
1364 1674 1395 1722 et
1414 1667 1581 1739 apostolicas
1600 1665 1680 1722 sedis

626 1755 733 1827 legato,
752 1754 916 1808 Johannes'
936 1754 1038 1809 eadem
1060 1754 1158 1823 gratia
1181 1753 1354 1807 Exoniensis
1372 1753 1536 1824 episcopus,
1554 1751 1680 1807 salutem

626 1846 656 1895 et
673 1838 804 1894 debitum
823 1837 985 1893 obedientis
1003 1837 1149 1892 affectum.

456 1935 595 1990 nemim
662 1922 831 1978 Sanctitatis
855 1929 962 1978 vestrae
991 1938 1094 1993 preces
1121 1921 1243 1976 caritate
1267 1921 1368 1991 plenas
1393 1920 1519 1991 benigne
1550 1920 1681 1991 suscepi·

455 1986 608 2082 Q&
626 2024 702 2062 mus.
729 2005 808 2075 Quas
823 2006 909 2077 juxta
925 2006 970 2061 rei
989 2007 1096 2061 seriem
1114 2012 1145 2060 et
1161 2011 1293 2060 tenorem
1311 2003 1462 2075 propositi,
1475 2010 1563 2076 prout
1580 2004 1681 2058 sanius

454 2087 614 2191 w*
627 2090 774 2155 (ivimus,
792 2107 846 2161 pro
867 2107 952 2161 posse
969 2095 1069 2144 nostm
1087 2089 1180 2144 secuti
1202 2105 1314 2143 sumus.
1352 2086 1480 2142 Litteras
1498 2088 1597 2158 itaque
1614 2105 1683 2158 par-

455 2188 608 2234 latoetotne
627 2174 727 2229 vitatis
745 2180 852 2228 nostres
871 2189 985 2228 summo
1003 2172 1133 2244 pontifici
1151 2191 1187 2228 ex
1211 2178 1294 2243 parte
1312 2178 1412 2226 nostra
1438 2188 1491 2242 pro
1508 2170 1592 2225 vobis
1610 2169 1682 2224 diri-

455 2249 520 2292 W·
627 2256 738 2330 gendas
756 2274 824 2311 cnm
842 2274 943 2311 earnm
961 2256 1137 2328 transcripto
1155 2254 1324 2327 paternitati
1336 2260 1442 2309 vestrae
1454 2253 1681 2309 transmittimus

767 2341 796 2394 so
893 2381 900 2394 .

625 2341 889 2480 m‘ilgnaiictisriihld
916 2423 993 2492 patri
1020 2434 1051 2477 et
1077 2422 1194 2477 domino
1212 2421 1340 2485 Urbano,
1361 2421 1418 2476 Dei
1438 2422 1544 2493 gratia,
1565 2438 1682 2477 summo

626 2511 646 2535 ‘⁴
665 2507 806 2580 pontifici,
829 2507 987 2571 Johannes,
1008 2506 1109 2561 divina
1128 2507 1322 2570 miseratione,
1350 2505 1522 2561 Exoniensis
1548 2506 1681 2561 ecclesiae

627 2594 646 2618 ‘⁴
666 2591 801 2646 minister
823 2591 954 2654 humilis,
973 2597 1034 2645 tam
1056 2589 1195 2644 devotum
1220 2607 1308 2661 qnam
1333 2589 1464 2644 debitum
1491 2589 1680 2661 subject-iouis

627 2677 647 2702 “
666 2675 848 2746 obsequium,
863 2692 929 2728 cum
949 2674 1052 2729 salute.

663 2761 683 2784 “
698 2758 796 2824 Scitis,
818 2764 902 2829 pater
930 2757 1124 2821 sanctissime,
1146 2756 1289 2828 quomodo
1317 2756 1347 2810 in
1371 2756 1537 2829 Anglicana
1556 2756 1683 2813 ecclesia

666 2842 770 2897 diebus
795 2843 903 2897 nostris
927 2859 979 2912 per
1009 2848 1135 2896 mortem
1159 2840 1239 2894 beati
1268 2839 1387 2894 Thomas
1412 2841 1552 2913 martyris
1578 2857 1680 2912 pacem

629 2929 648 2953 “
667 2927 775 2998 populo
815 2943 868 2979 suo
907 2931 938 2979 et
975 2925 1101 2979 salutem
1137 2931 1274 2995 operatus
1305 2929 1351 2978 est
1390 2925 1471 2996 pecie
1500 2924 1613 2980 Auctor
1652 2932 1683 2980 et

629 3012 648 3038 “
668 3010 781 3065 salutis.
819 3009 855 3063 Iu
881 3008 967 3079 cujus
985 3009 1157 3062 memoriam
1175 3024 1278 3061 recens
1305 3007 1421 3063 devotio
1440 3015 1470 3063 et
1496 3007 1539 3062 rei
1565 3008 1681 3064 novitas

630 3097 648 3121 ‘⁶
669 3095 699 3148 in
717 3093 850 3149 ecclesiis
876 3091 981 3147 altaria
1008 3108 1096 3162 super
1122 3108 1276 3145 numerum
1295 3097 1325 3146 et
1351 3091 1478 3163 capellas
1497 3092 1528 3146 in
1545 3092 1682 3164 compitis

629 3179 760 3234 “erexit
786 3179 965 3243 innumeras,
992 3177 1023 3231 iu
1051 3177 1157 3248 quibus
1185 3177 1316 3232 fervente
1336 3181 1449 3248 questu
1475 3176 1607 3232 fervebat
1629 3177 1680 3232 ob·

667 3262 813 3335 sequium.
853 3261 912 3317 Sed
930 3277 1068 3333 processu
1087 3260 1228 3332 temporis
1246 3266 1413 3330 tepescente
1437 3278 1526 3317 ceusu
1543 3259 1682 3316 effectus²

628 3349 646 3373 ‘⁶
666 3347 800 3419 intepuit,
824 3347 896 3401 adeo
913 3351 948 3400 ut
966 3350 1126 3416 martyrem
1151 3343 1313 3414 gloriosum
1331 3343 1472 3399 hactenus
1490 3362 1547 3399 non
1573 3362 1681 3415 usque-

628 3433 647 3457 “
668 3447 783 3502 quaque
808 3429 906 3484 debito
929 3445 1104 3484 veneremur
1130 3427 1277 3498 obsequio,
1299 3427 1350 3497 qui
1375 3427 1406 3481 in
1432 3429 1552 3484 remotis
1578 3427 1679 3483 mundi

537 3545 543 3560 ·
629 3515 799 3585 “partibus
825 3512 903 3584 apud
930 3519 1054 3576 exteras,
1074 3518 1108 3566 ut
1133 3513 1308 3584 accepimus,
1331 3512 1472 3578 nationes,
1495 3512 1679 3584 propriarum

629 3600 648 3623 “
668 3597 859 3651 ecclesiarum
889 3596 996 3650 honoro
1025 3594 1136 3666 gaudet
1166 3602 1196 3649 et
1226 3594 1408 3666 patrimoni0,
1440 3614 1507 3650 cum
1531 3596 1562 3651 in
1592 3605 1680 3668 geute

629 3683 647 3707 “
668 3698 721 3734 sua
748 3687 778 3735 et
803 3679 899 3750 patria
928 3679 1025 3734 locum
1053 3696 1110 3733 uon
1137 3678 1262 3734 habebat
1294 3685 1489 3751 praeterquam
1514 3681 1545 3734 in
1574 3681 1678 3739 alieno.

629 3767 648 3790 “
668 3763 763 3818 adhuc
788 3763 894 3833 hospes
915 3763 946 3816 in
974 3781 1035 3818 suo.
1073 3762 1181 3817 Merito
1207 3763 1306 3833 itaque
1336 3764 1367 3817 in
1394 3763 1514 3834 gloriosi
1541 3766 1680 3835 martyris

629 3853 647 3875 ‘⁴
668 3849 775 3903 honore
803 3855 833 3902 et
861 3847 976 3901 nomino
1007 3847 1144 3918 specialis
1182 3846 1308 3901 ecclesia
1337 3846 1416 3919 apud
1448 3865 1516 3903 suos
1550 3850 1680 3904 construi

629 3935 647 3958 “
668 3932 778 3995 debuit,
813 3931 912 3986 dotata
945 3932 1075 3994 uberius,
1109 3937 1139 3985 et
1168 3930 1384 3985 venerabilibus
1420 3931 1551 4001 personis
1588 3931 1681 3988 ditata

630 4019 648 4042 ‘⁴
667 4015 793 4088 plenius,
822 4015 898 4070 unde
926 4017 1008 4070 velut
1038 4033 1057 4069 a
1083 4015 1176 4070 latere
1210 4013 1319 4069 domini
1344 4014 1562 4071 Cantuariensis
1589 4016 1680 4072 totius

629 4103 648 4128 “
667 4099 838 4171 Anglicanae
860 4099 990 4154 ecclesiae
1012 4105 1042 4154 et
1072 4099 1157 4170 regni
1181 4097 1336 4153 consilium
1360 4097 1531 4169 procederet
1557 4105 1586 4154 et
1612 4118 1681 4171 pru-

629 4187 647 4211 “
667 4182 773 4239 dentia.
833 4182 1020 4238 Commodius
1058 4188 1155 4237 autem
1198 4199 1288 4252 prope
1328 4180 1525 4248 Cantuariam,
1557 4183 1681 4253 gloriosi

628 4271 648 4294 ‘¹
668 4269 805 4339 martyris
824 4266 985 4321 nativitatis
1003 4266 1111 4331 locum,
1131 4267 1186 4320 hoc
1206 4265 1268 4319 fieri
1290 4266 1394 4336 potuit,
1418 4265 1468 4320 ubi
1487 4266 1523 4322 ob
1540 4266 1681 4323 honorem

629 4356 697 4407 “et
723 4352 889 4405 libertatem
915 4357 948 4404 ut
973 4350 1059 4421 gregi
1090 4367 1142 4404 suo
1172 4355 1350 4420 parceretur,
1382 4356 1481 4421 pastor
1504 4350 1593 4422 capiti
1622 4370 1681 4407 uon

571 4463 580 4474 ·
628 4439 647 4462 “
667 4436 806 4506 pepercit.
844 4433 924 4488 Hinc
948 4438 993 4488 ost
1021 4432 1098 4504 quod
1122 4432 1298 4488 venerabilis
1322 4433 1415 4503 patris
1439 4433 1473 4487 B.
1502 4451 1578 4489 nunc
1606 4433 1682 4490 Can-

629 4522 647 4546 “
668 4519 824 4574 turriensis
843 4517 1055 4589 archiepiscopi
1073 4517 1255 4588 propositum
1281 4517 1482 4589 approbantes,
1502 4517 1679 4573 desiderium

668 4603 731 4673 ejus
751 4601 949 4657 desideranter
968 4601 1173 4673 amplectimur
1191 4609 1222 4656 et
1240 4602 1491 4668 commendamus;
1511 4620 1567 4658 non
1585 4603 1680 4658 solum

546 4721 554 4738 .
629 4690 648 4715 “
667 4686 839 4757 Anglicanae
859 4685 991 4740 ecclesia
1010 4684 1063 4739 sed
1083 4685 1137 4740 toti
1156 4703 1256 4755 regno,
1271 4686 1302 4740 in
1320 4685 1438 4742 Christo
1450 4686 1562 4757 loquor,
1581 4687 1680 4758 proin·
1721 4744 1724 4749 ,

629 4776 647 4801 “
667 4778 774 4826 turum.
812 4771 855 4823 Eo
886 4769 974 4824 etiam
1002 4769 1191 4824 favorabilius
1217 4776 1263 4824 est
1292 4770 1363 4825 facti
1386 4771 1577 4842 propositum,
1602 4770 1679 4842 quod

671 4941 688 4948 —
698 4940 764 4948 -—.
775 4939 806 4945 ...
817 4936 1029 4944 -—--—-——-
1042 4938 1068 4943 —
1082 4937 1158 4945 ...α-,η
1241 4939 1264 4944 ...
1281 4939 1364 4945 --
1376 4940 1393 4945 -
1402 4939 1662 4947 -,.«..--,,.....,.-.-..

661 5053 758 5103 ¹John
783 5051 826 5101 the
848 5050 969 5112 Chmtor,
992 5049 1081 5116 bishop
1104 5054 1134 5104 of
1213 5052 1353 5119 ²effectur]
1373 5054 1491 5117 deiectus,
1504 5053 1561 5106 MS.

627 5133 729 5187 Exeter,
744 5135 900 5182 uss-1191.
