4192 6392
351 3692 367 3711 l
466 3642 556 3685 atham
588 3644 621 3687 th.

633 1140 700 1209 etr
1059 1150 1248 1203 arentum

479 1336 605 1384 musa
635 1329 666 1380 et
689 1322 789 1380 locum
814 1316 913 1396 ipsum
935 1317 1247 1379 maledictum‘haberi
1263 1314 1448 1377 mandaverit
1464 1324 1497 1376 et
1519 1312 1698 1393 profanum

471 1388 614 1443 '‘mh‘'
634 1408 713 1464 siout
724 1423 761 1462 ex
777 1406 885 1462 litteris
898 1405 963 1478 ejus
981 1405 1132 1462 serenitati
1149 1406 1241 1489 regite
1263 1405 1372 1477 poterit
1387 1405 1545 1460 manifeste
1564 1404 1698 1476 liquere.

466 1461 608 1507 nanum
914 1492 921 1504 .
1080 1490 1086 1502 .
1129 1490 1135 1503 .
1418 1499 1419 1502 ,
1454 1489 1461 1501 .
1658 1487 1666 1501 .

467 1491 869 1608 gsssfflml’raetereacum
892 1490 988 1547 dictus
1006 1490 1243 1561 archiepiscopus
1270 1488 1366 1585 denuo
1383 1489 1528 1628 rffisget
1554 1493 1699 1584 quaesto:

1525 1590 1547 1626 ιι

466 1613 614 1714 urat„
634 1574 1307 1732 {tettffzttdtl‘ffl‘t
1323 1590 1445 1711 itt
1469 1577 1698 1727 stiffi?

464 1714 612 1820 aas&
635 1743 767 1816 episcopi
794 1748 915 1814 propter
949 1741 1005 1796 hoc
1040 1739 1118 1812 apud
1154 1739 1255 1796 sedem
1288 1740 1477 1817 apostolicam
1508 1738 1692 1802 constitutis,

438 1830 442 1838 '
634 1825 731 1882 felicis
754 1825 963 1882 recordationis
989 1823 1126 1880 Clemens
1156 1841 1232 1896 papa
1255 1823 1455 1895 praedecessor
1471 1829 1586 1889 noster,
1615 1839 1693 1895 opus

634 1905 1695 2062 titane,ttrsffsttthrssrsrnltt

635 2074 737 2133 rolens
754 2075 785 2129 in
810 2092 897 2146 opere
920 2075 1058 2130 damnato
1075 2074 1242 2147 procedere,
1263 2074 1319 2129 etsi
1344 2073 1442 2129 locum
1468 2073 1641 2140 mutaverit,
1671 2089 1692 2128 a

635 2158 709 2225 dicti
731 2164 830 2214 tamen
851 2157 1080 2230 praedecessoris
1106 2158 1153 2214 sui
1180 2158 1328 2229 proposito
1353 2175 1412 2212 non
1434 2157 1569 2213 creditur
1593 2173 1692 2212 recea-

635 2241 728 2308 aisse;
760 2259 828 2297 cum
851 2247 919 2315 post
944 2242 1125 2314 multiplices
1150 2241 1339 2297 inhibitiones
1364 2240 1423 2297 sibi
1452 2258 1488 2295 ex
1513 2241 1690 2297 auctoritate

633 2324 795 2398 apostolica
817 2327 920 2392 lactas,
947 2332 1016 2400 post
1039 2325 1267 2398 appellationem
1292 2325 1400 2406 sapius
1418 2324 1627 2397 interpositam
1652 2323 1692 2379 ad

633 2408 825 2481 apostolicam
843 2409 952 2475 sedem,
973 2415 1041 2482 post
1065 2408 1325 2465 contradictionem
1351 2407 1527 2464 dilectorum
1547 2408 1690 2481 ,filiorum

635 2491 892 2573 Oantrrariensium
908 2493 1127 2559 monachorum,
1147 2492 1184 2549 de
1201 2492 1286 2548 bouis
1305 2492 1525 2549 cantuariensis
1544 2492 1689 2557 ecclesiia,

633 2574 667 2630 in
682 2593 741 2632 nou
757 2576 906 2632 modicum
923 2577 988 2649 ejus
1005 2576 1254 2649 praejudicamur
1271 2593 1440 2648 gravamen,
1454 2575 1570 2631 sicnt'a
1586 2575 1690 2632 multis

634 2663 666 2716 et
697 2661 814 2732 magnis
840 2660 1015 2732 accepimns,
1051 2660 1083 2715 in
1108 2660 1223 2732 capella
1252 2659 1288 2714 de
1314 2659 1443 2736 Lamhee
1471 2659 1586 2731 amplas
1615 2677 1692 2732 prie-

545 2801 549 2808 ,
633 2740 744 2799 bendas
762 2743 906 2807 statuerit,
927 2749 958 2799 et
973 2742 1075 2814 largas
1092 2743 1121 2799 ei
1137 2743 1337 2816 possessiones
1356 2749 1387 2799 et
1404 2742 1537 2798 redditus
1557 2742 1693 2816 assigna

616 2821 721 2892 rent,
746 2833 778 2883 et
793 2826 844 2882 ad
864 2833 1045 2883 structuram
1068 2827 1163 2898 ipsius
1188 2826 1322 2882 ecclesioe
1340 2834 1371 2883 et
1396 2825 1550 2882 domorum
1570 2826 1638 2899 ejus
1656 2845 1694 2884 ea

634 2911 791 2983 paraverit,
806 2928 872 2982 quus
890 2910 923 2965 in
939 2910 1100 2966 utilitatem
1112 2916 1143 2966 et
1161 2910 1296 2966 decorem
1310 2909 1530 2967 Cantuariensis
1542 2910 1693 2978 ecelesias,

633 3009 749 3065 sponse
768 3011 838 3058 suso,
857 2994 957 3066 potius
975 2993 1118 3049 debuerat
1140 2994 1336 3059 convertisse;
1361 2993 1524 3066 quodcum
1543 2994 1583 3050 ad
1606 2994 1693 3051 δοιιω

633 3076 784 3132 memoriis
796 3076 949 3132 (loelestini
961 3094 1054 3149 papae,
1067 3077 1292 3148 predecessoris
1309 3078 1412 3142 nostri,
1426 3076 1607 3133 audientiam
1623 3095 1693 3152 per-

632 3159 773 3225 venisset,
787 3158 866 3231 qnod
880 3177 899 3215 a
910 3159 997 3215 dictis
1015 3159 1280 3230 predecessoribus
1298 3162 1407 3218 nostris
1420 3165 1563 3217 statutum
1580 3162 1692 3231 summ,

554 3300 557 3305 ,
634 3247 733 3299 ratum
749 3242 863 3310 habuit,
884 3248 914 3299 et
931 3244 1072 3316 praecepit
1089 3245 1152 3301 siue
1177 3245 1321 3317 cujusque
1348 3246 1545 3316 refragatione
1563 3248 1691 3304 serrari.

465 3338 612 3393 Ροιοοοιω-
635 3325 766 3383 clericos
785 3327 874 3382 etiam
898 3326 936 3382 de
954 3327 1082 3384 Lamhee
1101 3346 1119 3383 a
1135 3327 1303 3399 jnrtmento
1330 3328 1366 3385 da
1384 3329 1588 3385 observatione
1605 3347 1693 3387 novae

466 3389 765 3486 fflssffioapelloe,
785 3409 863 3465 dicto
887 3409 923 3465 B.
947 3410 1153 3467 Cantuariensi
1170 3411 1390 3484 archiepiscopo
1407 3413 1548 3482 praestito,
1577 3412 1693 3470 denun-

466 3489 606 3585 mmls'tlm
634 3494 707 3549 ciari
725 3493 875 3548 mandavit
892 3494 1007 3565 penitus
1026 3494 1184 3559 absolutos,
1205 3501 1235 3550 et
1253 3496 1296 3550 eis
1314 3495 1447 3551 districte
1470 3496 1541 3551 fecit
1558 3497 1691 3570 injungi,

466 3553 605 3635 deciani
633 3595 671 3631 ne
689 3578 815 3632 ulterius
841 3595 947 3632 novam
975 3578 1118 3648 capellam
1134 3578 1183 3632 vel
1208 3579 1362 3634 ecclesiam
1387 3579 1424 3633 de
1442 3579 1569 3634 Lamhee
1589 3582 1692 3637 obser·

634 3668 745 3726 varent,
759 3679 813 3715 nec
833 3678 886 3731 per
905 3679 936 3714 se
948 3678 1002 3714 nec
1022 3679 1073 3730 per
1092 3679 1159 3716 suos
1178 3663 1379 3717 ministrarent
1398 3664 1427 3717 in
1446 3681 1480 3717 ca
1497 3664 1620 3732 divina;
1639 3684 1692 3724 eos

634 3744 774 3798 mandans
794 3745 994 3799 ecclesiastica
1010 3744 1192 3800 districtione
1209 3746 1329 3816 percelli
1349 3748 1399 3818 qui
1418 3747 1553 3802 mandato
1573 3759 1691 3820 aposto·

467 3840 588 3901 thearch-
634 3827 690 3881 lico
709 3828 895 3881 contrairent.
936 3826 1012 3881 Sanc
1031 3828 1056 3882 si
1075 3828 1171 3883 dictus
1190 3829 1426 3901 archiepiscopus
1439 3831 1510 3900 qnid
1522 3834 1622 3902 potius
1641 3853 1691 3889 cx-

424 3968 428 3974 ,
466 3891 575 3993 Bffffl'w
634 3910 748 3981 pediret
760 3910 933 3973 attenderet,
948 3911 979 3963 in
992 3912 1116 3965 ecclesia
1129 3907 1340 3976 Cantuariensi,
1354 3914 1507 3984 metropoli
1520 3933 1583 3980 sua,
1599 3935 1691 3987 quam

465 3991 622 4085 hareffiided
635 3993 737 4047 beatus
755 3993 884 4063 pontifex
904 4001 934 4047 et
960 3999 1072 4063 martyr
1090 3995 1215 4050 Thomas
1252 4014 1304 4050 suo
1324 3997 1465 4067 sanguine
1492 4003 1687 4067 consecravit,

466 4054 522 4086 ω
561 4074 567 4085 ”
633 4075 772 4129 libentius
790 4075 944 4139 resideret,
966 4084 995 4130 et
1014 4077 1045 4130 in
1065 4083 1213 4132 structura
1230 4079 1322 4149 ipsius
1341 4080 1388 4135 vel
1408 4080 1473 4134 aliis
1493 4081 1556 4151 ejus
1576 4084 1688 4140 utilite

634 4158 713 4215 tibus
732 4166 876 4230 erogaret,
892 4159 970 4229 quod
987 4160 1019 4212 in
1038 4160 1166 4215 damnati
1180 4164 1275 4233 operis
1289 4165 1502 4219 constructione
1522 4165 1686 4239 dispergit3

635 4261 653 4298 a
679 4261 745 4314 quo,
765 4242 921 4337 etsinihil
948 4243 1030 4379 glilnd
1044 4244 1121 4381 'ejnpl
1142 4255 1338 4341 compesceret
1364 4248 1554 4313 voluntatem,
1582 4252 1688 4307 vitatio

666 4345 695 4381 m
795 4344 841 4380 avr
877 4344 946 4380 sau
967 4345 984 4380 a
997 4345 1016 4391 1,
1555 4334 1560 4343 “

634 4334 794 4466 Ξῖῐιιῗὲιιιῗ
807 4344 954 4475 ιθίοοξιιε,
987 4330 1689 4484 οιιιιῖῡοειιοιῗάθεοέῐιιίἶιῖὲπῒίοὲἓὲἲθῗεοὲἑῑιιιῗιῗῖ

635 4495 773 4549 didicisse
800 4494 879 4564 quod
908 4494 976 4549 licet
1012 4512 1101 4566 opera
1130 4496 1191 4560 illa,
1225 4515 1290 4566 quae
1326 4499 1389 4552 sine
1419 4500 1536 4553 mortali
1565 4511 1688 4571 peccato

635 4578 731 4632 omitti
749 4595 806 4632 non
824 4583 955 4648 possunt,
975 4594 1032 4631 non
1057 4579 1115 4633 sint
1138 4597 1191 4650 pro
1208 4581 1327 4636 vitando
1346 4582 1481 4637 scandalo
1499 4582 1686 4652 dimittenda,

634 4679 689 4740 nec
719 4679 754 4717 ea
783 4661 907 4715 debeant
942 4678 995 4731 pro
1026 4662 1162 4716 scandalo
1192 4663 1310 4719 vitando
1340 4666 1491 4730 committi,
1524 4685 1590 4738 quae
1622 4671 1688 4726 sine

635 4746 752 4801 mortali
782 4750 900 4816 peccato
928 4746 1072 4800 committi
1101 4764 1158 4801 non
1188 4762 1318 4818 possunt,
1347 4750 1384 4805 ab
1414 4751 1460 4806 his
1490 4757 1589 4805 temen
1619 4773 1687 4825 qum

635 4830 778 4885 committi
796 4847 854 4884 non
875 4837 998 4901 possunt
1025 4831 1088 4885 sine
1115 4833 1233 4886 mortali
1251 4840 1371 4904 peccato
1388 4835 1498 4905 pariter
1516 4849 1547 4890 et
1564 4835 1685 4905 dimitti,

635 4913 675 4968 sit
692 4931 745 4985 pro
762 4913 897 4968 scandalo
916 4914 1044 4969 tollendo
1063 4915 1245 4981 cessandum,
1267 4928 1296 4973 et
1321 4919 1364 4973 eis
1383 4920 1472 4973 etiam
1493 4936 1546 4990 pro
1563 4920 1688 4978 vitando

634 4997 770 5053 scandalo
789 4997 991 5052 insistendum.
1028 4997 1113 5053 Unde
1133 5000 1281 5069 apostolus
1305 5002 1337 5056 in
1364 5003 1487 5073 epistola
1510 5003 1594 5068 dicit,
1622 5006 1686 5062 “Si

635 5082 656 5110 ‘⁸
674 5081 923 5138 scandalizaretur
940 5081 1041 5151 frater,
1055 5100 1172 5139 carnem
1189 5102 1247 5142 non
1264 5085 1448 5144 comederem
1459 5086 1491 5144 in
1509 5091 1687 5158 eternum,”
