4192 6392
603 1190 668 1253 300
885 1201 1057 1250 rrrsrotn
1080 1201 1367 1259 esnwanransss,

452 1383 572 1429 itallae.
602 1374 697 1428 voluit
722 1390 779 1427 nou
797 1391 850 1444 per
875 1379 1048 1428 conventum
1070 1372 1144 1437 fieri,
1165 1373 1216 1428 sed
1243 1372 1280 1426 de
1298 1370 1420 1426 consilio
1448 1387 1548 1424 eorum
1577 1386 1648 1439 qnos

452 1435 570 1537 Ama,
601 1458 690 1512 vellet
707 1457 811 1512 adhoc
828 1475 942 1521 vocare,
956 1463 986 1511 et
1003 1463 1037 1511 ut
1055 1456 1090 1511 de
1109 1457 1230 1512 consilio
1248 1456 1312 1527 ejus
1331 1456 1435 1510 tierent
1452 1454 1649 1510 maneriorum

435 1547 562 1641 {efflatu
600 1541 736 1598 custodes
755 1547 785 1596 et
802 1541 988 1596 thesaurarii.
1025 1540 1140 1596 Valete.

436 1649 567 1699 raungtho

435 1699 529 1742 officere.

455 1881 467 1926 ἱ
527 1886 571 1928 m
744 1811 885 1868 cccxl.
923 1810 1089 1866 Gosvsrrur
1108 1809 1323 1866 Csnruanrrrsr
1342 1827 1448 1867 rnirsn
1469 1812 1498 1867 J.

449 1895 526 1935 rugus
572 1914 578 1927 .

435 1974 535 2018 Brother
638 1957 709 2011 Post
726 1955 889 2010 discessum
907 1956 1032 2009 fratrum
1051 1962 1218 2009 nostrorum
1236 1955 1265 2009 J.
1285 1961 1316 2010 et
1333 1956 1382 2020 A,
1402 1955 1521 2011 domum
1540 1955 1651 2009 domini

436 2024 585 2119 {ffinffiffi‘
603 2040 694 2110 legati
714 2041 775 2093 fere
794 2038 930 2093 assiduus
958 2039 1152 2109 frequentavi,
1172 2044 1253 2093 tanto
1278 2039 1357 2094 circa
1383 2058 1456 2110 opus
1485 2039 1651 2109 injunctum

436 2125 558 2177 ursedtho
604 2123 766 2187 sollicitior,
787 2127 895 2192 quanto
913 2122 981 2177 aliis
1005 2120 1224 2177 discedentibus
1249 2139 1366 2193 operam
1385 2124 1472 2177 istaut
1491 2122 1571 2176 solus
1590 2140 1652 2176 sus·

437 2175 461 2268 1¹„
472 2179 571 2271 ormo
603 2225 746 2278 ceperam.
784 2205 975 2260 Tractabatur
1001 2212 1099 2260 autem
1129 2211 1199 2260 tunc
1229 2206 1369 2277 temporis
1396 2206 1474 2260 inter
1499 2210 1651 2275 magnates

436 2275 571 2380 ffflffidy
603 2291 639 2344 dc
666 2291 802 2361 ingressu
829 2289 920 2360 legati
946 2289 976 2342 in
1004 2288 1162 2359 Angliam;
1192 2289 1257 2359 ipso
1281 2290 1424 2344 instanter
1449 2296 1555 2359 agente
1581 2305 1653 2358 erga

437 2377 547 2438 orsisiu-
604 2374 707 2429 ducem
737 2371 945 2438 Normanniae,¹
978 2379 1011 2427 ut
1040 2372 1197 2443 legationis
1229 2379 1372 2444 susceptas
1403 2372 1527 2443 implere
1553 2377 1653 2443 posset

437 2431 574 2523 tffipn
604 2459 739 2521 officium,
760 2464 790 2512 et
808 2474 927 2511 causam
945 2456 1166 2511 Cantuariensis
1180 2456 1321 2520 ecclesiae,
1335 2474 1389 2527 pro
1409 2475 1467 2526 qua
1485 2455 1652 2526 specialiter

455 2529 584 2574 “mmm
604 2542 712 2596 missus
738 2546 792 2605 est,
813 2541 869 2594 fine
897 2538 995 2593 debito
1022 2539 1190 2594 terminare.
1226 2539 1290 2608 Qua
1308 2540 1344 2594 de
1363 2558 1451 2595 causa
1468 2540 1652 2610 frequentius

604 2625 724 2688 accessi,
738 2642 774 2677 ne
793 2623 928 2678 notitiem
946 2641 1041 2677 meam
1061 2624 1140 2693 quod
1159 2624 1316 2694 gerebatur
1334 2625 1498 2695 aufugeret.
1537 2623 1651 2678 Instan-

437 2729 557 2776 maome
604 2709 653 2764 tiae
681 2710 779 2778 itaque
807 2707 901 2777 ipsius
929 2706 988 2761 dux
1013 2707 1057 2761 ita
1082 2707 1247 2778 respondit:
1283 2711 1302 2734 ‘⁶
1316 2708 1415 2762 Laetus
1437 2726 1470 2762 ac
1488 2707 1583 2763 libens
1601 2726 1652 2762 ros

438 2781 517 2832 ΝΜ
606 2795 625 2818 “
643 2792 775 2847 viderem
801 2791 833 2844 in
860 2790 994 2862 partibus
1019 2791 1091 2855 illis,
1112 2791 1163 2845 sed
1188 2797 1269 2847 terra
1294 2792 1358 2862 ipsa
1381 2792 1507 2846 multum
1532 2799 1653 2862 gravata

437 2835 563 2934 diovis?
606 2881 624 2902 ‘⁶
644 2882 698 2939 est,
731 2881 761 2930 ct
789 2875 1024 2946 peregrinatione
1055 2893 1121 2929 mea
1147 2876 1273 2946 amplius
1301 2876 1489 2946 gravabitur3
1517 2876 1595 2930 unde
1619 2881 1654 2930 ut

437 2932 468 3025 ἧι]
499 2935 584 3028 ἔξζιῖθ
606 2964 697 3030 “per
723 2977 773 3013 ros
799 2960 895 3029 magis
921 2964 1063 3028 gravetur
1086 2958 1159 3012 mihi
1184 2965 1215 3013 et
1238 2959 1312 3014 meis
1331 2960 1428 3013 minus
1446 2958 1563 3014 videtur
1587 2977 1653 3013 con·

438 3034 574 3128 ssflffil‘lb
605 3047 625 3068 ‘·'
644 3043 786 3097 siliosum.
841 3042 988 3095 Praeterea
1023 3042 1202 3096 coronationi
1237 3060 1310 3097 meae
1341 3050 1371 3097 et
1399 3043 1525 3113 negotiis
1556 3043 1651 3114 regni,

437 3135 522 3198 nelo(
607 3130 624 3153 ‘⁶
643 3132 743 3196 utpote
761 3144 854 3180 novus
879 3125 1024 3196 princeps
1044 3125 1137 3180 habeo
1156 3126 1318 3189 intendere,
1338 3126 1415 3181 unde
1439 3127 1559 3198 segnius
1578 3129 1652 3181 forle

438 3186 586 3281 fflffif'
607 3214 625 3236 ‘⁶
646 3228 734 3281 quam
752 3208 889 3263 deberem
914 3208 1092 3279 susceptioni
1110 3215 1217 3263 vestras
1235 3210 1283 3264 rel
1301 3210 1405 3264 honori
1423 3226 1567 3264 vacarem.
1605 3209 1653 3264 Ad

439 3286 561 3381 mm
607 3297 626 3320 “
645 3294 700 3348 hoc
718 3293 795 3347 enim
814 3293 970 3348 consulunt
987 3310 1122 3364 proceres
1142 3311 1198 3357 me,
1212 3311 1249 3347 ne
1261 3294 1441 3348 coronationi
1452 3312 1524 3348 meae
1536 3294 1653 3364 legatus

438 3389 512 3431 attho
535 3440 540 3450 ·
608 3381 626 3404 ‘⁶
646 3377 773 3442 intersit,
793 3395 830 3431 ne
857 3377 951 3448 possit
969 3376 1101 3431 Romana
1127 3377 1252 3432 ecclesia
1278 3376 1391 3448 aliquid
1409 3377 1440 3430 in
1457 3377 1523 3448 ipsa
1540 3377 1572 3431 in
1589 3395 1653 3448 pos·

439 3443 579 3485 mmmm
607 3465 626 3488 “
646 3468 742 3516 terum
760 3460 945 3515 vendicare.”
982 3461 1022 3514 Et
1045 3459 1180 3514 dominus
1199 3460 1325 3530 legatae,
1353 3459 1507 3514 “Terram
1524 3467 1652 3516 vestram

608 3551 699 3616 “per
724 3546 893 3615 ingressum
921 3550 1054 3598 nostrum
1081 3543 1199 3613 gravmi
1224 3563 1282 3597 non
1308 3544 1408 3607 vultis
1428 3561 1481 3597 nec
1509 3562 1561 3597 nos
1588 3562 1653 3599 eam

608 3635 626 3655 ‘⁶
647 3647 770 3701 gravare
808 3629 1023 3700 proposuimus,
1057 3628 1109 3682 sed
1147 3633 1260 3682 tantum
1297 3627 1375 3683 eirca
1411 3628 1652 3683 Cantuarienscm

466 3727 567 3769 rotave
609 3719 626 3738 “
647 3713 801 3766 ecclesiam
827 3713 995 3767 mandatum
1023 3711 1133 3765 domiui
1161 3730 1243 3782 papas
1271 3713 1432 3766 executioni
1451 3712 1597 3776 mundare,
1625 3722 1654 3766 et

608 3807 626 3823 ⁸·
647 3798 764 3851 reverti,
815 3796 1000 3850 Coronationi
1030 3814 1100 3849 vero
1131 3803 1246 3859 restrae,
1276 3797 1333 3850 nisi
1364 3797 1489 3850 multum
1521 3803 1651 3867 regatuS,

609 3890 626 3907 ··
648 3880 787 3934 interesse
818 3899 875 3934 non
905 3880 1131 3935 consentirem.”
1182 3880 1236 3934 Cui
1268 3880 1335 3944 dux,
1370 3880 1443 3934 “Ut
1473 3880 1570 3945 audio,
1597 3881 1651 3934 hae

609 3970 627 3991 ‘⁸'
648 3972 759 4019 tantum
786 3984 874 4019 causa
899 3965 929 4018 in
955 3983 1079 4035 regnum
1110 3964 1283 4020 desideratis
1315 3966 1490 4036 ingressum,
1519 3972 1551 4018 ut
1579 3966 1654 4019 inter

608 4057 624 4076 ‘⁶
646 4049 895 4119 arehiepiscopum
921 4057 952 4103 et
977 4049 1132 4103 monachos
1160 4068 1226 4103 suos
1254 4068 1355 4119 pacem
1379 4050 1553 4103 reformetis.
1591 4050 1653 4103 Nos

609 4137 627 4160 ‘⁶
648 4139 754 4196 autem,
774 4151 827 4203 per
852 4133 908 4186 Dei
936 4133 1071 4203 gratiam,
1092 4134 1164 4187 bene
1189 4133 1272 4187 litem
1298 4135 1383 4187 istam
1406 4134 1572 4188 sedebimus
1592 4135 1654 4188 sine

610 4223 627 4243 ¹*
649 4218 738 4271 vobis.
783 4217 866 4270 Unde
897 4235 953 4270 non
983 4218 1041 4271 crit
1070 4217 1152 4271 vobis
1183 4217 1255 4272 illuc
1286 4219 1415 4288 migrare
1445 4218 1652 4272 necessarium.

439 4307 532 4368 flesso
564 4357 568 4366 ,
610 4306 627 4327 “
648 4304 786 4356 Attamen
806 4301 942 4372 quomam
962 4301 1238 4357 Grandimontanam
1257 4302 1410 4357 ecclesiam
1429 4320 1501 4372 opus
1529 4303 1652 4366 habetis,

441 4357 593 4461 palmiron
610 4391 628 4412 '‘
649 4387 726 4441 sicut
743 4386 884 4449 asseritis,
905 4386 1035 4449 visitare,
1056 4386 1174 4440 iuterim
1193 4387 1265 4440 illuc
1290 4386 1435 4441 divertite.
1474 4387 1536 4440 Nos
1558 4395 1654 4441 autom

442 4461 577 4501 Gummont
609 4476 627 4496 “
648 4490 714 4525 eum
733 4471 890 4526 baronibus
909 4477 995 4525 terrae
1014 4470 1096 4525 illins
1121 4470 1157 4525 de
1181 4470 1305 4526 adventa
1332 4477 1430 4525 vestro
1448 4471 1563 4542 plenius
1582 4481 1655 4526 trae-

442 4512 476 4552 lor
484 4523 498 4552 a
507 4510 569 4555 time.

440 4561 574 4603 suasanus
609 4560 627 4581 ‘⁴
648 4557 784 4621 tabimus,
806 4554 998 4626 significaturi
1018 4554 1101 4608 vobis
1120 4558 1151 4608 iu
1169 4556 1302 4625 proximo
1320 4556 1498 4610 voluntatem
1517 4564 1654 4611 nostram.

442 4622 589 4714 fffflffld,
610 4645 627 4666 ‘¹'
649 4640 795 4696 Gruterum
823 4641 888 4694 volo
914 4646 948 4694 ut
974 4639 1011 4693 ad
1036 4639 1092 4693 hoc
1117 4640 1246 4710 aliquem
1274 4640 1310 4694 de
1337 4641 1444 4696 restris
1471 4641 1594 4696 mittatis
1626 4642 1656 4695 in

610 4728 628 4751 ‘⁶
648 4724 798 4796 Angliam‚
818 4743 870 4795 per
898 4742 986 4794 quem
1012 4724 1090 4793 quod
1115 4724 1213 4778 visum
1238 4724 1329 4778 fuerit
1358 4743 1417 4778 nna
1447 4743 1513 4779 cum
1540 4726 1655 4780 nunciis

643 5015 648 5042 ¹
668 5011 777 5064 Richurd
788 5010 902 5061 received
914 5009 1061 5060 investiture
1074 5025 1100 5060 as
1113 5010 1188 5060 Duke
1200 5008 1515 5076 ofrlonnandy,.1ulyao,
1527 5012 1654 5062 audesne

609 5102 635 5142 to
646 5093 772 5157 Englaud,
784 5091 888 5155 August
901 5095 939 5139 la.
