<?xml version="1.0" encoding="UTF-8"?>
<!DOCTYPE html PUBLIC "-//W3C//DTD XHTML 1.0 Transitional//EN"
    "http://www.w3.org/TR/xhtml1/DTD/xhtml1-transitional.dtd">
<html xmlns="http://www.w3.org/1999/xhtml" xml:lang="en" lang="en">
 <head>
  <title>
</title>
<meta http-equiv="Content-Type" content="text/html;charset=utf-8" />
  <meta name='ocr-system' content='tesseract 3.04.00' />
  <meta name='ocr-capabilities' content='ocr_page ocr_carea ocr_par ocr_line ocrx_word'/>
</head>
<body>
  <div class='ocr_page' id='page_1' title='image "./epistolaecantua00stubgoog_0574.png"; bbox 0 0 4192 6392; ppageno 0'>
   <div class='ocr_carea' id='block_1_1' title="bbox 605 1162 1376 1239">
    <p class='ocr_par' dir='ltr' id='par_1_1' title="bbox 605 1162 1376 1239">
     <span class='ocr_line' id='line_1_1' title="bbox 605 1162 1376 1239; baseline -0.006 -7"><span class='ocrx_word' id='word_1_1' title='bbox 605 1162 671 1235; x_wconf 80' lang='lat'><strong>372</strong></span> <span class='ocrx_word' id='word_1_2' title='bbox 888 1177 1059 1227; x_wconf 77' lang='lat' dir='ltr'><strong>ur1suoun</strong></span> <span class='ocrx_word' id='word_1_3' title='bbox 1082 1175 1376 1239; x_wconf 72' lang='lat' dir='ltr'><strong>caurumuusns,</strong></span> 
     </span>
    </p>
   </div>
   <div class='ocr_carea' id='block_1_2' title="bbox 431 1349 1814 2600">
    <p class='ocr_par' dir='ltr' id='par_1_2' title="bbox 431 1349 1814 2600">
     <span class='ocr_line' id='line_1_2' title="bbox 454 1349 1656 1425; baseline 0.001 -21"><span class='ocrx_word' id='word_1_4' title='bbox 454 1359 576 1409; x_wconf 63' lang='lat' dir='ltr'><strong>annm</strong></span> <span class='ocrx_word' id='word_1_5' title='bbox 603 1355 759 1425; x_wconf 87' lang='lat' dir='ltr'><strong>utriusque</strong></span> <span class='ocrx_word' id='word_1_6' title='bbox 789 1355 920 1411; x_wconf 68' lang='lat' dir='ltr'><strong>ecclesiae</strong></span> <span class='ocrx_word' id='word_1_7' title='bbox 949 1353 1073 1409; x_wconf 75' lang='lat' dir='ltr'><strong>utilitati</strong></span> <span class='ocrx_word' id='word_1_8' title='bbox 1101 1369 1183 1408; x_wconf 85' lang='lat' dir='ltr'><strong>more</strong></span> <span class='ocrx_word' id='word_1_9' title='bbox 1217 1353 1287 1408; x_wconf 91' lang='lat' dir='ltr'><strong>boni</strong></span> <span class='ocrx_word' id='word_1_10' title='bbox 1322 1351 1447 1423; x_wconf 81' lang='lat' dir='ltr'><strong>pastoris</strong></span> <span class='ocrx_word' id='word_1_11' title='bbox 1482 1349 1656 1421; x_wconf 82' lang='lat' dir='ltr'><strong>invigilans,</strong></span> 
     </span>
     <span class='ocr_line' id='line_1_3' title="bbox 436 1412 1657 1522; baseline -0.005 -28"><span class='ocrx_word' id='word_1_12' title='bbox 436 1412 561 1522; x_wconf 44' lang='lat'><strong>11:³1¹&amp;</strong></span> <span class='ocrx_word' id='word_1_13' title='bbox 605 1441 808 1495; x_wconf 79' lang='lat' dir='ltr'><strong>anctoritatem</strong></span> <span class='ocrx_word' id='word_1_14' title='bbox 834 1439 889 1495; x_wconf 90' lang='lat' dir='ltr'><strong>tibi</strong></span> <span class='ocrx_word' id='word_1_15' title='bbox 915 1439 1047 1510; x_wconf 89' lang='lat' dir='ltr'><strong>postulas</strong></span> <span class='ocrx_word' id='word_1_16' title='bbox 1074 1454 1093 1491; x_wconf 86' lang='lat' dir='ltr'><strong>a</strong></span> <span class='ocrx_word' id='word_1_17' title='bbox 1118 1437 1188 1493; x_wconf 87' lang='lat' dir='ltr'><strong>sede</strong></span> <span class='ocrx_word' id='word_1_18' title='bbox 1214 1437 1373 1509; x_wconf 87' lang='lat' dir='ltr'><strong>apostolica</strong></span> <span class='ocrx_word' id='word_1_19' title='bbox 1396 1435 1554 1506; x_wconf 79' lang='lat' dir='ltr'><strong>indulgeri.</strong></span> <span class='ocrx_word' id='word_1_20' title='bbox 1591 1434 1657 1489; x_wconf 88' lang='lat' dir='ltr'><strong>Nos</strong></span> 
     </span>
     <span class='ocr_line' id='line_1_4' title="bbox 433 1519 1657 1595; baseline -0.004 -16"><span class='ocrx_word' id='word_1_21' title='bbox 433 1520 489 1564; x_wconf 60' lang='grc' dir='ltr'><strong>*Μ</strong></span> <span class='ocrx_word' id='word_1_22' title='bbox 496 1521 585 1567; x_wconf 54' lang='grc' dir='ltr'><strong>ΜΒ</strong></span> <span class='ocrx_word' id='word_1_23' title='bbox 604 1523 707 1595; x_wconf 79' lang='lat' dir='ltr'><strong>igitur,</strong></span> <span class='ocrx_word' id='word_1_24' title='bbox 720 1524 803 1595; x_wconf 90' lang='lat' dir='ltr'><strong>pium</strong></span> <span class='ocrx_word' id='word_1_25' title='bbox 820 1523 990 1579; x_wconf 88' lang='lat' dir='ltr'><strong>intentionis</strong></span> <span class='ocrx_word' id='word_1_26' title='bbox 1002 1527 1062 1577; x_wconf 81' lang='lat' dir='ltr'><strong>tnae</strong></span> <span class='ocrx_word' id='word_1_27' title='bbox 1073 1523 1256 1594; x_wconf 89' lang='lat' dir='ltr'><strong>propositum</strong></span> <span class='ocrx_word' id='word_1_28' title='bbox 1273 1521 1461 1584; x_wconf 84' lang='lat' dir='ltr'><strong>attendentes,</strong></span> <span class='ocrx_word' id='word_1_29' title='bbox 1476 1537 1510 1575; x_wconf 85' lang='lat' dir='ltr'><strong>ac</strong></span> <span class='ocrx_word' id='word_1_30' title='bbox 1521 1519 1657 1574; x_wconf 84' lang='lat' dir='ltr'><strong>volentes</strong></span> 
     </span>
     <span class='ocr_line' id='line_1_5' title="bbox 434 1571 1657 1678; baseline -0.006 -14"><span class='ocrx_word' id='word_1_31' title='bbox 434 1571 585 1675; x_wconf 51' lang='lat' dir='ltr'><strong>ffib‘ffh</strong></span> <span class='ocrx_word' id='word_1_32' title='bbox 604 1612 665 1663; x_wconf 83' lang='lat' dir='ltr'><strong>tam</strong></span> <span class='ocrx_word' id='word_1_33' title='bbox 682 1608 812 1663; x_wconf 75' lang='lat' dir='ltr'><strong>honestas</strong></span> <span class='ocrx_word' id='word_1_34' title='bbox 830 1606 964 1678; x_wconf 88' lang='lat' dir='ltr'><strong>petitioni</strong></span> <span class='ocrx_word' id='word_1_35' title='bbox 981 1611 1040 1661; x_wconf 70' lang='lat' dir='ltr'><strong>tute</strong></span> <span class='ocrx_word' id='word_1_36' title='bbox 1059 1607 1190 1662; x_wconf 87' lang='lat' dir='ltr'><strong>favorem</strong></span> <span class='ocrx_word' id='word_1_37' title='bbox 1207 1606 1399 1678; x_wconf 88' lang='lat' dir='ltr'><strong>apostolicum</strong></span> <span class='ocrx_word' id='word_1_38' title='bbox 1416 1604 1574 1675; x_wconf 90' lang='lat' dir='ltr'><strong>impertiri,</strong></span> <span class='ocrx_word' id='word_1_39' title='bbox 1595 1602 1657 1658; x_wconf 85' lang='lat' dir='ltr'><strong>dis·</strong></span> 
     </span>
     <span class='ocr_line' id='line_1_6' title="bbox 432 1670 1656 1768; baseline -0.003 -22"><span class='ocrx_word' id='word_1_40' title='bbox 432 1670 544 1768; x_wconf 49' lang='lat' dir='ltr'><em>m</em></span> <span class='ocrx_word' id='word_1_41' title='bbox 603 1691 730 1763; x_wconf 91' lang='lat' dir='ltr'><strong>ponendi</strong></span> <span class='ocrx_word' id='word_1_42' title='bbox 748 1691 784 1745; x_wconf 87' lang='lat' dir='ltr'><strong>de</strong></span> <span class='ocrx_word' id='word_1_43' title='bbox 802 1690 904 1745; x_wconf 87' lang='lat' dir='ltr'><strong>eadem</strong></span> <span class='ocrx_word' id='word_1_44' title='bbox 922 1690 1046 1745; x_wconf 90' lang='lat' dir='ltr'><strong>ecclesia</strong></span> <span class='ocrx_word' id='word_1_45' title='bbox 1063 1689 1100 1744; x_wconf 92' lang='lat' dir='ltr'><strong>de</strong></span> <span class='ocrx_word' id='word_1_46' title='bbox 1118 1690 1256 1753; x_wconf 83' lang='lat' dir='ltr'><strong>Lamhee,</strong></span> <span class='ocrx_word' id='word_1_47' title='bbox 1276 1688 1431 1751; x_wconf 88' lang='lat' dir='ltr'><strong>dummodo</strong></span> <span class='ocrx_word' id='word_1_48' title='bbox 1449 1688 1597 1751; x_wconf 89' lang='lat' dir='ltr'><strong>canonice,</strong></span> <span class='ocrx_word' id='word_1_49' title='bbox 1611 1687 1656 1742; x_wconf 87' lang='lat' dir='ltr'><strong>ita</strong></span> 
     </span>
     <span class='ocr_line' id='line_1_7' title="bbox 433 1772 1657 1847; baseline -0.002 -19"><span class='ocrx_word' id='word_1_50' title='bbox 433 1773 587 1828; x_wconf 67' lang='lat' dir='ltr'><strong>mdlughls</strong></span> <span class='ocrx_word' id='word_1_51' title='bbox 604 1774 683 1847; x_wconf 86' lang='lat' dir='ltr'><strong>quod</strong></span> <span class='ocrx_word' id='word_1_52' title='bbox 694 1775 819 1847; x_wconf 86' lang='lat' dir='ltr'><strong>ulterius</strong></span> <span class='ocrx_word' id='word_1_53' title='bbox 830 1780 931 1829; x_wconf 82' lang='lat' dir='ltr'><strong>contra</strong></span> <span class='ocrx_word' id='word_1_54' title='bbox 942 1773 1140 1829; x_wconf 74' lang='lat' dir='ltr'>cathedralem</span> <span class='ocrx_word' id='word_1_55' title='bbox 1151 1773 1305 1829; x_wconf 89' lang='lat' dir='ltr'><strong>ecclesiam</strong></span> <span class='ocrx_word' id='word_1_56' title='bbox 1316 1773 1450 1828; x_wconf 87' lang='lat' dir='ltr'><strong>elationis</strong></span> <span class='ocrx_word' id='word_1_57' title='bbox 1463 1772 1657 1844; x_wconf 83' lang='lat' dir='ltr'><strong>supercilium</strong></span> 
     </span>
     <span class='ocr_line' id='line_1_8' title="bbox 433 1822 1656 1930; baseline -0.004 -12"><span class='ocrx_word' id='word_1_58' title='bbox 433 1822 567 1928; x_wconf 54' lang='lat' dir='ltr'><strong>m„</strong></span> <span class='ocrx_word' id='word_1_59' title='bbox 603 1876 663 1914; x_wconf 91' lang='lat' dir='ltr'><strong>uon</strong></span> <span class='ocrx_word' id='word_1_60' title='bbox 679 1863 819 1922; x_wconf 84' lang='lat' dir='ltr'><strong>assumat,</strong></span> <span class='ocrx_word' id='word_1_61' title='bbox 834 1865 864 1914; x_wconf 91' lang='lat' dir='ltr'><strong>et</strong></span> <span class='ocrx_word' id='word_1_62' title='bbox 881 1876 946 1913; x_wconf 89' lang='lat' dir='ltr'><strong>eam</strong></span> <span class='ocrx_word' id='word_1_63' title='bbox 963 1858 1088 1913; x_wconf 88' lang='lat' dir='ltr'><strong>interius</strong></span> <span class='ocrx_word' id='word_1_64' title='bbox 1106 1859 1302 1929; x_wconf 85' lang='lat' dir='ltr'><strong>exteriusque,</strong></span> <span class='ocrx_word' id='word_1_65' title='bbox 1321 1862 1408 1930; x_wconf 89' lang='lat' dir='ltr'><strong>prout</strong></span> <span class='ocrx_word' id='word_1_66' title='bbox 1425 1857 1462 1912; x_wconf 86' lang='lat' dir='ltr'><strong>ad</strong></span> <span class='ocrx_word' id='word_1_67' title='bbox 1474 1863 1503 1911; x_wconf 87' lang='lat' dir='ltr'><strong>te</strong></span> <span class='ocrx_word' id='word_1_68' title='bbox 1515 1857 1656 1928; x_wconf 75' lang='lat' dir='ltr'><strong>pertinet,</strong></span> 
     </span>
     <span class='ocr_line' id='line_1_9' title="bbox 433 1923 1814 2020; baseline 0.001 -23"><span class='ocrx_word' id='word_1_69' title='bbox 433 1923 573 2020; x_wconf 59' lang='lat' dir='ltr'>ffifflfih*</span> <span class='ocrx_word' id='word_1_70' title='bbox 605 1940 794 2013; x_wconf 66' lang='lat' dir='ltr'><strong>[ordinandi]</strong></span> <span class='ocrx_word' id='word_1_71' title='bbox 822 1959 879 1997; x_wconf 91' lang='lat' dir='ltr'><strong>nou</strong></span> <span class='ocrx_word' id='word_1_72' title='bbox 903 1941 1085 1998; x_wconf 72' lang='lat' dir='ltr'><strong>obstantibus</strong></span> <span class='ocrx_word' id='word_1_73' title='bbox 1110 1941 1219 1997; x_wconf 87' lang='lat' dir='ltr'><strong>litteris</strong></span> <span class='ocrx_word' id='word_1_74' title='bbox 1246 1941 1284 1996; x_wconf 91' lang='lat' dir='ltr'><strong>ad</strong></span> <span class='ocrx_word' id='word_1_75' title='bbox 1308 1941 1507 1996; x_wconf 86' lang='lat' dir='ltr'><strong>venerabilem</strong></span> <span class='ocrx_word' id='word_1_76' title='bbox 1530 1942 1656 1995; x_wconf 88' lang='lat' dir='ltr'><strong>fratrem</strong></span> <span class='ocrx_word' id='word_1_77' title='bbox 1674 1949 1814 1998; x_wconf 67' lang='lat' dir='ltr'><strong>sumu</strong></span> 
     </span>
     <span class='ocr_line' id='line_1_10' title="bbox 433 2024 1654 2120; baseline 0 -40"><span class='ocrx_word' id='word_1_78' title='bbox 433 2024 553 2120; x_wconf 35' lang='lat' dir='ltr'><strong>&amp;meg</strong></span> <span class='ocrx_word' id='word_1_79' title='bbox 603 2031 737 2081; x_wconf 88' lang='lat' dir='ltr'><strong>nostrum</strong></span> <span class='ocrx_word' id='word_1_80' title='bbox 754 2025 969 2081; x_wconf 76' lang='lat' dir='ltr'><strong>cicestrensem</strong></span> <span class='ocrx_word' id='word_1_81' title='bbox 987 2027 1156 2097; x_wconf 87' lang='lat' dir='ltr'><strong>episcopum</strong></span> <span class='ocrx_word' id='word_1_82' title='bbox 1174 2030 1204 2080; x_wconf 90' lang='lat' dir='ltr'><strong>et</strong></span> <span class='ocrx_word' id='word_1_83' title='bbox 1220 2025 1341 2081; x_wconf 86' lang='lat' dir='ltr'><strong>dilectos</strong></span> <span class='ocrx_word' id='word_1_84' title='bbox 1359 2025 1434 2080; x_wconf 88' lang='lat' dir='ltr'><strong>filios</strong></span> <span class='ocrx_word' id='word_1_85' title='bbox 1453 2024 1489 2079; x_wconf 88' lang='lat' dir='ltr'><strong>de</strong></span> <span class='ocrx_word' id='word_1_86' title='bbox 1502 2024 1654 2080; x_wconf 86' lang='lat' dir='ltr'><strong>Waltham</strong></span> 
     </span>
     <span class='ocr_line' id='line_1_11' title="bbox 431 2108 1653 2182; baseline 0 -18"><span class='ocrx_word' id='word_1_87' title='bbox 431 2124 563 2172; x_wconf 66' lang='lat' dir='ltr'><strong>num.</strong></span> <span class='ocrx_word' id='word_1_88' title='bbox 604 2114 635 2164; x_wconf 89' lang='lat' dir='ltr'><strong>et</strong></span> <span class='ocrx_word' id='word_1_89' title='bbox 658 2109 695 2164; x_wconf 88' lang='lat' dir='ltr'><strong>de</strong></span> <span class='ocrx_word' id='word_1_90' title='bbox 713 2108 863 2182; x_wconf 82' lang='lat' dir='ltr'><strong>Radiuges</strong></span> <span class='ocrx_word' id='word_1_91' title='bbox 890 2110 1027 2174; x_wconf 80' lang='lat' dir='ltr'><strong>obtentis,</strong></span> <span class='ocrx_word' id='word_1_92' title='bbox 1046 2109 1170 2164; x_wconf 89' lang='lat' dir='ltr'><strong>liberam</strong></span> <span class='ocrx_word' id='word_1_93' title='bbox 1187 2108 1244 2164; x_wconf 90' lang='lat' dir='ltr'><strong>tibi</strong></span> <span class='ocrx_word' id='word_1_94' title='bbox 1261 2109 1455 2171; x_wconf 84' lang='lat' dir='ltr'><strong>concedimus,</strong></span> <span class='ocrx_word' id='word_1_95' title='bbox 1475 2108 1653 2164; x_wconf 84' lang='lat' dir='ltr'><strong>auctoritate</strong></span> 
     </span>
     <span class='ocr_line' id='line_1_12' title="bbox 433 2174 1649 2265; baseline -0.002 -17"><span class='ocrx_word' id='word_1_96' title='bbox 433 2174 483 2228; x_wconf 76' lang='lat'><strong>¹¹²⁸·</strong></span> <span class='ocrx_word' id='word_1_97' title='bbox 602 2194 800 2263; x_wconf 78' lang='lat' dir='ltr'><strong>praesentium,</strong></span> <span class='ocrx_word' id='word_1_98' title='bbox 820 2193 935 2249; x_wconf 89' lang='lat' dir='ltr'><strong>sublato</strong></span> <span class='ocrx_word' id='word_1_99' title='bbox 957 2193 1195 2249; x_wconf 71' lang='lat' dir='ltr'><strong>contradictionis</strong></span> <span class='ocrx_word' id='word_1_100' title='bbox 1219 2198 1249 2248; x_wconf 91' lang='lat' dir='ltr'><strong>et</strong></span> <span class='ocrx_word' id='word_1_101' title='bbox 1266 2192 1468 2265; x_wconf 79' lang='lat' dir='ltr'><strong>appellationis</strong></span> <span class='ocrx_word' id='word_1_102' title='bbox 1487 2192 1649 2256; x_wconf 77' lang='lat' dir='ltr'><strong>obstaculo,</strong></span> 
     </span>
     <span class='ocr_line' id='line_1_13' title="bbox 602 2275 1654 2348; baseline -0.001 -18"><span class='ocrx_word' id='word_1_103' title='bbox 602 2275 780 2331; x_wconf 82' lang='lat' dir='ltr'><strong>facultatem.</strong></span> <span class='ocrx_word' id='word_1_104' title='bbox 815 2276 901 2332; x_wconf 85' lang='lat' dir='ltr'><strong>Nulli</strong></span> <span class='ocrx_word' id='word_1_105' title='bbox 919 2295 991 2348; x_wconf 81' lang='lat' dir='ltr'><strong>ergo</strong></span> <span class='ocrx_word' id='word_1_106' title='bbox 1009 2276 1126 2331; x_wconf 90' lang='lat' dir='ltr'><strong>omuino</strong></span> <span class='ocrx_word' id='word_1_107' title='bbox 1144 2276 1294 2331; x_wconf 88' lang='lat' dir='ltr'><strong>hominum</strong></span> <span class='ocrx_word' id='word_1_108' title='bbox 1316 2276 1404 2330; x_wconf 86' lang='lat' dir='ltr'><strong>liceat</strong></span> <span class='ocrx_word' id='word_1_109' title='bbox 1420 2275 1495 2330; x_wconf 88' lang='lat' dir='ltr'><strong>hane</strong></span> <span class='ocrx_word' id='word_1_110' title='bbox 1512 2276 1654 2347; x_wconf 84' lang='lat' dir='ltr'><strong>pagiuam</strong></span> 
     </span>
     <span class='ocr_line' id='line_1_14' title="bbox 601 2359 1653 2432; baseline 0 -19"><span class='ocrx_word' id='word_1_111' title='bbox 601 2364 709 2414; x_wconf 83' lang='lat' dir='ltr'><strong>nostrae</strong></span> <span class='ocrx_word' id='word_1_112' title='bbox 727 2360 922 2416; x_wconf 91' lang='lat' dir='ltr'><strong>concessionis</strong></span> <span class='ocrx_word' id='word_1_113' title='bbox 940 2361 1102 2432; x_wconf 82' lang='lat' dir='ltr'><strong>infringere</strong></span> <span class='ocrx_word' id='word_1_114' title='bbox 1119 2360 1167 2414; x_wconf 87' lang='lat' dir='ltr'><strong>vel</strong></span> <span class='ocrx_word' id='word_1_115' title='bbox 1186 2359 1214 2414; x_wconf 88' lang='lat' dir='ltr'><strong>ei</strong></span> <span class='ocrx_word' id='word_1_116' title='bbox 1231 2377 1305 2415; x_wconf 86' lang='lat' dir='ltr'><strong>ausu</strong></span> <span class='ocrx_word' id='word_1_117' title='bbox 1320 2359 1477 2414; x_wconf 87' lang='lat' dir='ltr'><strong>temerario</strong></span> <span class='ocrx_word' id='word_1_118' title='bbox 1495 2359 1653 2413; x_wconf 86' lang='lat' dir='ltr'><strong>contraire.</strong></span> 
     </span>
     <span class='ocr_line' id='line_1_15' title="bbox 604 2442 1657 2514; baseline 0 -16"><span class='ocrx_word' id='word_1_119' title='bbox 604 2442 722 2513; x_wconf 86' lang='lat' dir='ltr'><strong>Siquis</strong></span> <span class='ocrx_word' id='word_1_120' title='bbox 749 2450 847 2499; x_wconf 86' lang='lat' dir='ltr'><strong>antem</strong></span> <span class='ocrx_word' id='word_1_121' title='bbox 873 2445 928 2499; x_wconf 93' lang='lat' dir='ltr'><strong>hoc</strong></span> <span class='ocrx_word' id='word_1_122' title='bbox 955 2444 1153 2508; x_wconf 83' lang='lat' dir='ltr'><strong>attentaverit,</strong></span> <span class='ocrx_word' id='word_1_123' title='bbox 1178 2443 1408 2514; x_wconf 82' lang='lat' dir='ltr'><strong>indignationem</strong></span> <span class='ocrx_word' id='word_1_124' title='bbox 1432 2442 1489 2498; x_wconf 91' lang='lat' dir='ltr'><strong>Dei</strong></span> <span class='ocrx_word' id='word_1_125' title='bbox 1516 2449 1546 2497; x_wconf 87' lang='lat' dir='ltr'><strong>et</strong></span> <span class='ocrx_word' id='word_1_126' title='bbox 1572 2443 1657 2498; x_wconf 86' lang='lat' dir='ltr'><strong>beati</strong></span> 
     </span>
     <span class='ocr_line' id='line_1_16' title="bbox 601 2526 1653 2600; baseline 0.002 -20"><span class='ocrx_word' id='word_1_127' title='bbox 601 2527 684 2582; x_wconf 89' lang='lat' dir='ltr'><strong>Petri</strong></span> <span class='ocrx_word' id='word_1_128' title='bbox 696 2534 726 2583; x_wconf 89' lang='lat' dir='ltr'><strong>et</strong></span> <span class='ocrx_word' id='word_1_129' title='bbox 734 2528 821 2583; x_wconf 91' lang='lat' dir='ltr'><strong>Pauli</strong></span> <span class='ocrx_word' id='word_1_130' title='bbox 834 2528 1032 2600; x_wconf 87' lang='lat' dir='ltr'><strong>apestolorum</strong></span> <span class='ocrx_word' id='word_1_131' title='bbox 1044 2529 1118 2599; x_wconf 86' lang='lat' dir='ltr'><strong>Ejus</strong></span> <span class='ocrx_word' id='word_1_132' title='bbox 1131 2545 1162 2582; x_wconf 91' lang='lat' dir='ltr'><strong>se</strong></span> <span class='ocrx_word' id='word_1_133' title='bbox 1173 2527 1289 2582; x_wconf 83' lang='lat' dir='ltr'><strong>noverit</strong></span> <span class='ocrx_word' id='word_1_134' title='bbox 1304 2527 1500 2581; x_wconf 89' lang='lat' dir='ltr'><strong>incursurum.</strong></span> <span class='ocrx_word' id='word_1_135' title='bbox 1539 2526 1653 2582; x_wconf 88' lang='lat' dir='ltr'><strong>Datum</strong></span> 
     </span>
    </p>
   </div>
   <div class='ocr_carea' id='block_1_3' title="bbox 602 2610 1497 2683">
    <p class='ocr_par' dir='ltr' id='par_1_3' title="bbox 602 2610 1497 2683">
     <span class='ocr_line' id='line_1_17' title="bbox 602 2610 1497 2683; baseline -0.002 -17"><span class='ocrx_word' id='word_1_136' title='bbox 602 2610 750 2676; x_wconf 83' lang='lat' dir='ltr'><strong>Laterani,</strong></span> <span class='ocrx_word' id='word_1_137' title='bbox 767 2629 796 2665; x_wconf 86' lang='lat' dir='ltr'><strong>v.</strong></span> <span class='ocrx_word' id='word_1_138' title='bbox 815 2611 882 2668; x_wconf 90' lang='lat' dir='ltr'><strong>idus</strong></span> <span class='ocrx_word' id='word_1_139' title='bbox 901 2611 920 2666; x_wconf 89' lang='lat' dir='ltr'><strong>J</strong></span> <span class='ocrx_word' id='word_1_140' title='bbox 922 2611 994 2676; x_wconf 90' lang='lat' dir='ltr'><strong>unii,</strong></span> <span class='ocrx_word' id='word_1_141' title='bbox 1014 2611 1200 2683; x_wconf 86' lang='lat' dir='ltr'><strong>pontificatus</strong></span> <span class='ocrx_word' id='word_1_142' title='bbox 1217 2611 1310 2666; x_wconf 87' lang='lat' dir='ltr'><strong>nostri</strong></span> <span class='ocrx_word' id='word_1_143' title='bbox 1328 2628 1403 2665; x_wconf 90' lang='lat' dir='ltr'><strong>anno</strong></span> <span class='ocrx_word' id='word_1_144' title='bbox 1422 2610 1497 2681; x_wconf 83' lang='lat' dir='ltr'><strong>vij⁰.¹</strong></span> 
     </span>
    </p>
   </div>
   <div class='ocr_carea' id='block_1_4' title="bbox 451 2889 1570 3031">
    <p class='ocr_par' dir='ltr' id='par_1_4' title="bbox 451 2889 1570 3031">
     <span class='ocr_line' id='line_1_18' title="bbox 451 2889 1570 2948; baseline 0.009 -14"><span class='ocrx_word' id='word_1_145' title='bbox 451 2889 574 2938; x_wconf 74' lang='lat' dir='ltr'><strong>mlm.</strong></span> <span class='ocrx_word' id='word_1_146' title='bbox 692 2890 878 2948; x_wconf 72' lang='lat' dir='ltr'><strong>ccccm.</strong></span> <span class='ocrx_word' id='word_1_147' title='bbox 916 2890 1050 2947; x_wconf 72' lang='lat' dir='ltr'><strong>Oramus</strong></span> <span class='ocrx_word' id='word_1_148' title='bbox 1070 2890 1298 2947; x_wconf 63' lang='lat' dir='ltr'><strong>aususausus</strong></span> <span class='ocrx_word' id='word_1_149' title='bbox 1316 2906 1453 2946; x_wconf 74' lang='lat' dir='ltr'><strong>recussus</strong></span> <span class='ocrx_word' id='word_1_150' title='bbox 1471 2906 1570 2945; x_wconf 76' lang='lat' dir='ltr'><strong>amors</strong></span> 
     </span>
     <span class='ocr_line' id='line_1_19' title="bbox 917 2974 1344 3031; baseline 0 0"><span class='ocrx_word' id='word_1_151' title='bbox 917 2974 1086 3031; x_wconf 68' lang='lat' dir='ltr'><strong>Cominus</strong></span> <span class='ocrx_word' id='word_1_152' title='bbox 1106 2975 1344 3031; x_wconf 73' lang='lat' dir='ltr'><strong>Caurummsus.</strong></span> 
     </span>
    </p>
   </div>
   <div class='ocr_carea' id='block_1_5' title="bbox 435 3123 1654 3200">
    <p class='ocr_par' dir='ltr' id='par_1_5' title="bbox 435 3123 1654 3200">
     <span class='ocr_line' id='line_1_20' title="bbox 435 3123 1654 3200; baseline 0.003 -22"><span class='ocrx_word' id='word_1_153' title='bbox 435 3123 557 3178; x_wconf 66' lang='lat' dir='ltr'><strong>mmor</strong></span> <span class='ocrx_word' id='word_1_154' title='bbox 640 3127 804 3200; x_wconf 82' lang='lat' dir='ltr'><strong>Episcopis,</strong></span> <span class='ocrx_word' id='word_1_155' title='bbox 818 3128 982 3192; x_wconf 88' lang='lat' dir='ltr'><strong>abbatibus,</strong></span> <span class='ocrx_word' id='word_1_156' title='bbox 996 3137 1026 3182; x_wconf 90' lang='lat' dir='ltr'><strong>et</strong></span> <span class='ocrx_word' id='word_1_157' title='bbox 1038 3128 1153 3182; x_wconf 86' lang='lat' dir='ltr'><strong>caeteris</strong></span> <span class='ocrx_word' id='word_1_158' title='bbox 1166 3127 1383 3183; x_wconf 77' lang='lat' dir='ltr'><strong>Cantuariensis</strong></span> <span class='ocrx_word' id='word_1_159' title='bbox 1395 3127 1526 3183; x_wconf 71' lang='lat' dir='ltr'><strong>ecclesiae</strong></span> <span class='ocrx_word' id='word_1_160' title='bbox 1539 3128 1654 3192; x_wconf 86' lang='lat' dir='ltr'><strong>amieis,</strong></span> 
     </span>
    </p>
   </div>
   <div class='ocr_carea' id='block_1_6' title="bbox 435 3175 1657 3283">
    <p class='ocr_par' dir='ltr' id='par_1_6' title="bbox 435 3175 1657 3283">
     <span class='ocr_line' id='line_1_21' title="bbox 435 3175 1657 3283; baseline 0 -16"><span class='ocrx_word' id='word_1_161' title='bbox 435 3175 589 3271; x_wconf 35' lang='lat' dir='ltr'><strong>&amp;affigit</strong></span> <span class='ocrx_word' id='word_1_162' title='bbox 606 3209 766 3266; x_wconf 83' lang='lat' dir='ltr'><strong>Gaufridus</strong></span> <span class='ocrx_word' id='word_1_163' title='bbox 783 3211 865 3283; x_wconf 89' lang='lat' dir='ltr'><strong>prior</strong></span> <span class='ocrx_word' id='word_1_164' title='bbox 882 3219 912 3267; x_wconf 89' lang='lat' dir='ltr'><strong>et</strong></span> <span class='ocrx_word' id='word_1_165' title='bbox 931 3217 1091 3267; x_wconf 82' lang='lat' dir='ltr'><strong>conventus</strong></span> <span class='ocrx_word' id='word_1_166' title='bbox 1110 3212 1242 3266; x_wconf 81' lang='lat' dir='ltr'><strong>salutem.</strong></span> <span class='ocrx_word' id='word_1_167' title='bbox 1281 3211 1424 3279; x_wconf 81' lang='lat' dir='ltr'><strong>Quoniam</strong></span> <span class='ocrx_word' id='word_1_168' title='bbox 1442 3230 1459 3266; x_wconf 87' lang='lat' dir='ltr'><strong>a</strong></span> <span class='ocrx_word' id='word_1_169' title='bbox 1474 3212 1657 3282; x_wconf 83' lang='lat' dir='ltr'><strong>sapientibus</strong></span> 
     </span>
    </p>
   </div>
   <div class='ocr_carea' id='block_1_7' title="bbox 435 3276 1814 4030">
    <p class='ocr_par' dir='ltr' id='par_1_7' title="bbox 435 3276 1814 4030">
     <span class='ocr_line' id='line_1_22' title="bbox 435 3276 1814 3371; baseline 0.004 -23"><span class='ocrx_word' id='word_1_170' title='bbox 435 3276 567 3371; x_wconf 54' lang='lat' dir='ltr'><strong>{ffi‘ffl‘oe</strong></span> <span class='ocrx_word' id='word_1_171' title='bbox 604 3294 793 3366; x_wconf 83' lang='lat' dir='ltr'><strong>quaerendum</strong></span> <span class='ocrx_word' id='word_1_172' title='bbox 805 3313 871 3351; x_wconf 88' lang='lat' dir='ltr'><strong>esse</strong></span> <span class='ocrx_word' id='word_1_173' title='bbox 890 3295 1045 3351; x_wconf 90' lang='lat' dir='ltr'><strong>consilium</strong></span> <span class='ocrx_word' id='word_1_174' title='bbox 1065 3313 1155 3350; x_wconf 83' lang='lat' dir='ltr'><strong>sacrae</strong></span> <span class='ocrx_word' id='word_1_175' title='bbox 1172 3314 1225 3350; x_wconf 87' lang='lat' dir='ltr'><strong>uos</strong></span> <span class='ocrx_word' id='word_1_176' title='bbox 1243 3295 1347 3351; x_wconf 85' lang='lat' dir='ltr'><strong>docent</strong></span> <span class='ocrx_word' id='word_1_177' title='bbox 1358 3297 1468 3350; x_wconf 87' lang='lat' dir='ltr'><strong>monita</strong></span> <span class='ocrx_word' id='word_1_178' title='bbox 1480 3295 1654 3365; x_wconf 70' lang='lat' dir='ltr'><strong>Scripturas,</strong></span> <span class='ocrx_word' id='word_1_179' title='bbox 1671 3303 1814 3353; x_wconf 68' lang='lat' dir='ltr'><strong>&#39;lotitiam</strong></span> 
     </span>
     <span class='ocr_line' id='line_1_23' title="bbox 436 3377 1657 3450; baseline 0.002 -17"><span class='ocrx_word' id='word_1_180' title='bbox 436 3377 532 3423; x_wconf 55' lang='lat' dir='ltr'><strong>‘fienda</strong></span> <span class='ocrx_word' id='word_1_181' title='bbox 603 3383 633 3434; x_wconf 91' lang='lat' dir='ltr'><strong>et</strong></span> <span class='ocrx_word' id='word_1_182' title='bbox 649 3379 736 3433; x_wconf 88' lang='lat' dir='ltr'><strong>fidem</strong></span> <span class='ocrx_word' id='word_1_183' title='bbox 755 3380 915 3434; x_wconf 89' lang='lat' dir='ltr'><strong>amicorum</strong></span> <span class='ocrx_word' id='word_1_184' title='bbox 933 3379 964 3434; x_wconf 90' lang='lat' dir='ltr'><strong>in</strong></span> <span class='ocrx_word' id='word_1_185' title='bbox 981 3379 1157 3434; x_wconf 86' lang='lat' dir='ltr'><strong>necessitate</strong></span> <span class='ocrx_word' id='word_1_186' title='bbox 1174 3378 1362 3450; x_wconf 89' lang='lat' dir='ltr'><strong>probandam,</strong></span> <span class='ocrx_word' id='word_1_187' title='bbox 1380 3381 1524 3435; x_wconf 89' lang='lat' dir='ltr'><strong>mittimus</strong></span> <span class='ocrx_word' id='word_1_188' title='bbox 1546 3380 1657 3437; x_wconf 85' lang='lat' dir='ltr'><strong>advos</strong></span> 
     </span>
     <span class='ocr_line' id='line_1_24' title="bbox 601 3463 1657 3535; baseline 0.001 -17"><span class='ocrx_word' id='word_1_189' title='bbox 601 3463 709 3518; x_wconf 87' lang='lat' dir='ltr'><strong>latores</strong></span> <span class='ocrx_word' id='word_1_190' title='bbox 727 3464 926 3535; x_wconf 65' lang='lat' dir='ltr'><strong>praesentium,</strong></span> <span class='ocrx_word' id='word_1_191' title='bbox 947 3465 1055 3518; x_wconf 83' lang='lat' dir='ltr'><strong>fratres</strong></span> <span class='ocrx_word' id='word_1_192' title='bbox 1073 3467 1198 3524; x_wconf 88' lang='lat' dir='ltr'><strong>nostros,</strong></span> <span class='ocrx_word' id='word_1_193' title='bbox 1213 3481 1265 3534; x_wconf 91' lang='lat' dir='ltr'><strong>pro</strong></span> <span class='ocrx_word' id='word_1_194' title='bbox 1278 3464 1378 3518; x_wconf 84' lang='lat' dir='ltr'><strong>arduis</strong></span> <span class='ocrx_word' id='word_1_195' title='bbox 1397 3465 1528 3519; x_wconf 81' lang='lat' dir='ltr'><strong>ecclesiae</strong></span> <span class='ocrx_word' id='word_1_196' title='bbox 1546 3470 1657 3519; x_wconf 81' lang='lat' dir='ltr'><strong>nostrae</strong></span> 
     </span>
     <span class='ocr_line' id='line_1_25' title="bbox 602 3547 1656 3618; baseline 0.003 -18"><span class='ocrx_word' id='word_1_197' title='bbox 602 3547 739 3618; x_wconf 84' lang='lat' dir='ltr'><strong>negotiis,</strong></span> <span class='ocrx_word' id='word_1_198' title='bbox 766 3566 833 3603; x_wconf 93' lang='lat' dir='ltr'><strong>cum</strong></span> <span class='ocrx_word' id='word_1_199' title='bbox 859 3554 967 3617; x_wconf 86' lang='lat' dir='ltr'><strong>quanta</strong></span> <span class='ocrx_word' id='word_1_200' title='bbox 993 3565 1149 3616; x_wconf 88' lang='lat' dir='ltr'><strong>possumus</strong></span> <span class='ocrx_word' id='word_1_201' title='bbox 1177 3547 1330 3601; x_wconf 85' lang='lat' dir='ltr'><strong>devotione</strong></span> <span class='ocrx_word' id='word_1_202' title='bbox 1360 3566 1460 3602; x_wconf 88' lang='lat' dir='ltr'><strong>omnes</strong></span> <span class='ocrx_word' id='word_1_203' title='bbox 1486 3555 1516 3602; x_wconf 85' lang='lat' dir='ltr'><strong>et</strong></span> <span class='ocrx_word' id='word_1_204' title='bbox 1542 3549 1656 3617; x_wconf 77' lang='lat' dir='ltr'><strong>singuli</strong></span> 
     </span>
     <span class='ocr_line' id='line_1_26' title="bbox 603 3629 1653 3701; baseline 0.002 -18"><span class='ocrx_word' id='word_1_205' title='bbox 603 3631 809 3701; x_wconf 85' lang='lat' dir='ltr'><strong>supplicantes,</strong></span> <span class='ocrx_word' id='word_1_206' title='bbox 831 3638 973 3701; x_wconf 88' lang='lat' dir='ltr'><strong>quatenus</strong></span> <span class='ocrx_word' id='word_1_207' title='bbox 998 3631 1035 3683; x_wconf 92' lang='lat' dir='ltr'><strong>iis</strong></span> <span class='ocrx_word' id='word_1_208' title='bbox 1055 3648 1120 3700; x_wconf 82' lang='lat' dir='ltr'><strong>quae</strong></span> <span class='ocrx_word' id='word_1_209' title='bbox 1138 3629 1223 3684; x_wconf 83' lang='lat' dir='ltr'><strong>vobis</strong></span> <span class='ocrx_word' id='word_1_210' title='bbox 1242 3637 1377 3701; x_wconf 83' lang='lat' dir='ltr'><strong>exparte</strong></span> <span class='ocrx_word' id='word_1_211' title='bbox 1396 3637 1495 3685; x_wconf 82' lang='lat' dir='ltr'><strong>nostru</strong></span> <span class='ocrx_word' id='word_1_212' title='bbox 1513 3631 1653 3697; x_wconf 77' lang='lat' dir='ltr'><strong>dixerint,</strong></span> 
     </span>
     <span class='ocr_line' id='line_1_27' title="bbox 564 3716 1656 3779; baseline 0.003 -10"><span class='ocrx_word' id='word_1_213' title='bbox 564 3750 566 3755; x_wconf 68' lang='lat'><strong>,</strong></span> <span class='ocrx_word' id='word_1_214' title='bbox 602 3734 703 3770; x_wconf 89' lang='lat' dir='ltr'><strong>aurem</strong></span> <span class='ocrx_word' id='word_1_215' title='bbox 729 3724 758 3770; x_wconf 92' lang='lat' dir='ltr'><strong>et</strong></span> <span class='ocrx_word' id='word_1_216' title='bbox 782 3717 911 3770; x_wconf 89' lang='lat' dir='ltr'><strong>animum</strong></span> <span class='ocrx_word' id='word_1_217' title='bbox 934 3717 1076 3771; x_wconf 87' lang='lat' dir='ltr'><strong>inclinare</strong></span> <span class='ocrx_word' id='word_1_218' title='bbox 1101 3716 1211 3779; x_wconf 82' lang='lat' dir='ltr'><strong>velitis,</strong></span> <span class='ocrx_word' id='word_1_219' title='bbox 1238 3725 1268 3773; x_wconf 91' lang='lat' dir='ltr'><strong>et</strong></span> <span class='ocrx_word' id='word_1_220' title='bbox 1291 3717 1350 3772; x_wconf 88' lang='lat' dir='ltr'><strong>tale</strong></span> <span class='ocrx_word' id='word_1_221' title='bbox 1375 3719 1458 3771; x_wconf 87' lang='lat' dir='ltr'><strong>nobis</strong></span> <span class='ocrx_word' id='word_1_222' title='bbox 1483 3718 1514 3771; x_wconf 87' lang='lat' dir='ltr'><strong>in</strong></span> <span class='ocrx_word' id='word_1_223' title='bbox 1533 3719 1656 3773; x_wconf 82' lang='lat' dir='ltr'><strong>instanti</strong></span> 
     </span>
     <span class='ocr_line' id='line_1_28' title="bbox 603 3800 1656 3870; baseline 0.002 -17"><span class='ocrx_word' id='word_1_224' title='bbox 603 3800 726 3853; x_wconf 87' lang='lat' dir='ltr'><strong>articulo</strong></span> <span class='ocrx_word' id='word_1_225' title='bbox 744 3801 874 3870; x_wconf 85' lang='lat' dir='ltr'><strong>praebere</strong></span> <span class='ocrx_word' id='word_1_226' title='bbox 899 3818 1071 3870; x_wconf 89' lang='lat' dir='ltr'><strong>responsum</strong></span> <span class='ocrx_word' id='word_1_227' title='bbox 1090 3807 1120 3855; x_wconf 84' lang='lat' dir='ltr'><strong>et</strong></span> <span class='ocrx_word' id='word_1_228' title='bbox 1138 3800 1254 3854; x_wconf 83' lang='lat' dir='ltr'><strong>salubre</strong></span> <span class='ocrx_word' id='word_1_229' title='bbox 1274 3802 1437 3864; x_wconf 89' lang='lat' dir='ltr'><strong>consilium,</strong></span> <span class='ocrx_word' id='word_1_230' title='bbox 1457 3811 1491 3855; x_wconf 89' lang='lat' dir='ltr'><strong>ut</strong></span> <span class='ocrx_word' id='word_1_231' title='bbox 1510 3819 1598 3870; x_wconf 85' lang='lat' dir='ltr'><strong>qua-m</strong></span> <span class='ocrx_word' id='word_1_232' title='bbox 1617 3802 1656 3855; x_wconf 81' lang='lat' dir='ltr'><strong>ad</strong></span> 
     </span>
     <span class='ocr_line' id='line_1_29' title="bbox 603 3883 1656 3953; baseline 0.002 -17"><span class='ocrx_word' id='word_1_233' title='bbox 603 3900 656 3937; x_wconf 92' lang='lat' dir='ltr'><strong>nos</strong></span> <span class='ocrx_word' id='word_1_234' title='bbox 674 3888 704 3937; x_wconf 87' lang='lat' dir='ltr'><strong>et</strong></span> <span class='ocrx_word' id='word_1_235' title='bbox 722 3883 874 3937; x_wconf 87' lang='lat' dir='ltr'><strong>ecclesiam</strong></span> <span class='ocrx_word' id='word_1_236' title='bbox 892 3891 1021 3937; x_wconf 88' lang='lat' dir='ltr'><strong>nostram</strong></span> <span class='ocrx_word' id='word_1_237' title='bbox 1041 3883 1145 3953; x_wconf 82' lang='lat' dir='ltr'><strong>geritis</strong></span> <span class='ocrx_word' id='word_1_238' title='bbox 1164 3883 1233 3937; x_wconf 89' lang='lat' dir='ltr'><strong>fidei</strong></span> <span class='ocrx_word' id='word_1_239' title='bbox 1252 3889 1280 3937; x_wconf 91' lang='lat' dir='ltr'><strong>et</strong></span> <span class='ocrx_word' id='word_1_240' title='bbox 1292 3884 1454 3938; x_wconf 87' lang='lat' dir='ltr'><strong>devotionis</strong></span> <span class='ocrx_word' id='word_1_241' title='bbox 1468 3886 1656 3953; x_wconf 82' lang='lat' dir='ltr'><strong>experiamur</strong></span> 
     </span>
     <span class='ocr_line' id='line_1_30' title="bbox 604 3967 1655 4030; baseline 0.001 -10"><span class='ocrx_word' id='word_1_242' title='bbox 604 3967 810 4030; x_wconf 84' lang='lat' dir='ltr'><strong>sinceritatem,</strong></span> <span class='ocrx_word' id='word_1_243' title='bbox 831 3974 860 4020; x_wconf 92' lang='lat' dir='ltr'><strong>et</strong></span> <span class='ocrx_word' id='word_1_244' title='bbox 877 3985 930 4021; x_wconf 84' lang='lat' dir='ltr'><strong>vos</strong></span> <span class='ocrx_word' id='word_1_245' title='bbox 948 3967 979 4020; x_wconf 90' lang='lat' dir='ltr'><strong>in</strong></span> <span class='ocrx_word' id='word_1_246' title='bbox 997 3974 1126 4021; x_wconf 87' lang='lat' dir='ltr'><strong>extremo</strong></span> <span class='ocrx_word' id='word_1_247' title='bbox 1151 3968 1282 4021; x_wconf 78' lang='lat' dir='ltr'><strong>examine</strong></span> <span class='ocrx_word' id='word_1_248' title='bbox 1301 3969 1485 4022; x_wconf 68' lang='lat' dir='ltr'><strong>conscientias</strong></span> <span class='ocrx_word' id='word_1_249' title='bbox 1503 3968 1655 4022; x_wconf 70' lang='lat' dir='ltr'><strong>lusionem</strong></span> 
     </span>
    </p>
   </div>
   <div class='ocr_carea' id='block_1_8' title="bbox 604 4049 1463 4121">
    <p class='ocr_par' dir='ltr' id='par_1_8' title="bbox 604 4049 1463 4121">
     <span class='ocr_line' id='line_1_31' title="bbox 604 4049 1463 4121; baseline 0 -17"><span class='ocrx_word' id='word_1_250' title='bbox 604 4050 640 4104; x_wconf 90' lang='lat' dir='ltr'><strong>de</strong></span> <span class='ocrx_word' id='word_1_251' title='bbox 658 4049 760 4104; x_wconf 84' lang='lat' dir='ltr'><strong>matris</strong></span> <span class='ocrx_word' id='word_1_252' title='bbox 777 4057 882 4104; x_wconf 79' lang='lat' dir='ltr'><strong>vestras</strong></span> <span class='ocrx_word' id='word_1_253' title='bbox 901 4050 1054 4121; x_wconf 88' lang='lat' dir='ltr'><strong>dispendio</strong></span> <span class='ocrx_word' id='word_1_254' title='bbox 1073 4050 1229 4105; x_wconf 83' lang='lat' dir='ltr'><strong>formidare</strong></span> <span class='ocrx_word' id='word_1_255' title='bbox 1247 4069 1304 4106; x_wconf 91' lang='lat' dir='ltr'><strong>non</strong></span> <span class='ocrx_word' id='word_1_256' title='bbox 1323 4051 1463 4106; x_wconf 83' lang='lat' dir='ltr'><strong>debentia.</strong></span> 
     </span>
    </p>
   </div>
   <div class='ocr_carea' id='block_1_9' title="bbox 686 4318 1568 4457">
    <p class='ocr_par' dir='ltr' id='par_1_9' title="bbox 686 4318 1568 4457">
     <span class='ocr_line' id='line_1_32' title="bbox 686 4318 1568 4374; baseline -0.007 1"><span class='ocrx_word' id='word_1_257' title='bbox 686 4318 853 4374; x_wconf 83' lang='lat' dir='ltr'><strong>CCCCXV.</strong></span> <span class='ocrx_word' id='word_1_258' title='bbox 890 4318 1009 4373; x_wconf 77' lang='lat' dir='ltr'><strong>Hunosr</strong></span> <span class='ocrx_word' id='word_1_259' title='bbox 1028 4319 1233 4372; x_wconf 72' lang='lat' dir='ltr'><strong>ercouurm‘sr</strong></span> <span class='ocrx_word' id='word_1_260' title='bbox 1251 4333 1380 4372; x_wconf 78' lang='lat' dir='ltr'><strong>srrscoro</strong></span> <span class='ocrx_word' id='word_1_261' title='bbox 1400 4318 1568 4372; x_wconf 64' lang='lat' dir='ltr'><strong>Conuersus</strong></span> 
     </span>
     <span class='ocr_line' id='line_1_33' title="bbox 1003 4403 1242 4457; baseline -0.013 0"><span class='ocrx_word' id='word_1_262' title='bbox 1003 4403 1242 4457; x_wconf 62' lang='lat' dir='ltr'><strong>euremarus.</strong></span> 
     </span>
    </p>
   </div>
   <div class='ocr_carea' id='block_1_10' title="bbox 434 4545 1655 4702">
    <p class='ocr_par' dir='ltr' id='par_1_10' title="bbox 434 4545 1655 4702">
     <span class='ocr_line' id='line_1_34' title="bbox 434 4545 1655 4619; baseline -0.002 -15"><span class='ocrx_word' id='word_1_263' title='bbox 434 4553 589 4612; x_wconf 66' lang='lat' dir='ltr'><strong>{fhoconvent</strong></span> <span class='ocrx_word' id='word_1_264' title='bbox 637 4549 762 4604; x_wconf 91' lang='lat' dir='ltr'><strong>Domino</strong></span> <span class='ocrx_word' id='word_1_265' title='bbox 788 4548 910 4619; x_wconf 84' lang='lat' dir='ltr'><strong>Hugoui</strong></span> <span class='ocrx_word' id='word_1_266' title='bbox 935 4548 1132 4602; x_wconf 88' lang='lat' dir='ltr'><strong>Lincolniensi</strong></span> <span class='ocrx_word' id='word_1_267' title='bbox 1159 4546 1304 4618; x_wconf 87' lang='lat' dir='ltr'><strong>episcope,</strong></span> <span class='ocrx_word' id='word_1_268' title='bbox 1333 4545 1492 4599; x_wconf 73' lang='lat' dir='ltr'><strong>(laufridus</strong></span> <span class='ocrx_word' id='word_1_269' title='bbox 1517 4546 1598 4614; x_wconf 89' lang='lat' dir='ltr'><strong>prior</strong></span> <span class='ocrx_word' id='word_1_270' title='bbox 1624 4553 1655 4601; x_wconf 90' lang='lat' dir='ltr'><strong>et</strong></span> 
     </span>
     <span class='ocr_line' id='line_1_35' title="bbox 434 4605 1653 4702; baseline -0.002 -14"><span class='ocrx_word' id='word_1_271' title='bbox 434 4605 569 4698; x_wconf 50' lang='lat' dir='ltr'><strong>ffissmgiw</strong></span> <span class='ocrx_word' id='word_1_272' title='bbox 602 4639 769 4697; x_wconf 88' lang='lat' dir='ltr'><strong>conventus,</strong></span> <span class='ocrx_word' id='word_1_273' title='bbox 790 4634 923 4695; x_wconf 88' lang='lat' dir='ltr'><strong>salutem,</strong></span> <span class='ocrx_word' id='word_1_274' title='bbox 945 4638 974 4686; x_wconf 91' lang='lat' dir='ltr'><strong>et</strong></span> <span class='ocrx_word' id='word_1_275' title='bbox 992 4631 1091 4701; x_wconf 79' lang='lat' dir='ltr'><strong>gladio</strong></span> <span class='ocrx_word' id='word_1_276' title='bbox 1112 4632 1239 4702; x_wconf 85' lang='lat' dir='ltr'><strong>Spiritus</strong></span> <span class='ocrx_word' id='word_1_277' title='bbox 1260 4630 1359 4684; x_wconf 83' lang='lat' dir='ltr'><strong>Sancti</strong></span> <span class='ocrx_word' id='word_1_278' title='bbox 1385 4647 1499 4699; x_wconf 89' lang='lat' dir='ltr'><strong>semper</strong></span> <span class='ocrx_word' id='word_1_279' title='bbox 1524 4630 1653 4700; x_wconf 82' lang='lat' dir='ltr'><strong>accingi.</strong></span> 
     </span>
    </p>
   </div>
   <div class='ocr_carea' id='block_1_11' title="bbox 433 4704 1653 4787">
    <p class='ocr_par' dir='ltr' id='par_1_11' title="bbox 433 4704 1653 4787">
     <span class='ocr_line' id='line_1_36' title="bbox 433 4704 1653 4787; baseline -0.002 -17"><span class='ocrx_word' id='word_1_280' title='bbox 433 4704 505 4749; x_wconf 57' lang='grc' dir='ltr'><strong>ΗΜΘ</strong></span> <span class='ocrx_word' id='word_1_281' title='bbox 538 4707 589 4750; x_wconf 60' lang='lat'><strong>‘¹¹⁸²</strong></span> <span class='ocrx_word' id='word_1_282' title='bbox 603 4719 678 4773; x_wconf 84' lang='lat' dir='ltr'><strong>Cum</strong></span> <span class='ocrx_word' id='word_1_283' title='bbox 695 4718 829 4771; x_wconf 69' lang='lat' dir='ltr'><strong>humanae</strong></span> <span class='ocrx_word' id='word_1_284' title='bbox 847 4716 985 4787; x_wconf 84' lang='lat' dir='ltr'><strong>potestati</strong></span> <span class='ocrx_word' id='word_1_285' title='bbox 1010 4716 1101 4771; x_wconf 86' lang='lat' dir='ltr'><strong>suerit</strong></span> <span class='ocrx_word' id='word_1_286' title='bbox 1124 4715 1271 4770; x_wconf 89' lang='lat' dir='ltr'><strong>indultum</strong></span> <span class='ocrx_word' id='word_1_287' title='bbox 1290 4714 1321 4767; x_wconf 92' lang='lat' dir='ltr'><strong>id</strong></span> <span class='ocrx_word' id='word_1_288' title='bbox 1340 4714 1455 4768; x_wconf 88' lang='lat' dir='ltr'><strong>effectui</strong></span> <span class='ocrx_word' id='word_1_289' title='bbox 1474 4714 1653 4784; x_wconf 87' lang='lat' dir='ltr'><strong>mancipare,</strong></span> 
     </span>
    </p>
   </div>
   <div class='ocr_carea' id='block_1_12' title="bbox 601 5020 1656 5168">
    <p class='ocr_par' dir='ltr' id='par_1_12' title="bbox 601 5020 1656 5168">
     <span class='ocr_line' id='line_1_37' title="bbox 636 5020 1656 5087; baseline -0.001 -17"><span class='ocrx_word' id='word_1_290' title='bbox 636 5023 729 5087; x_wconf 70' lang='lat' dir='ltr'><strong>¹vij0.]</strong></span> <span class='ocrx_word' id='word_1_291' title='bbox 749 5022 817 5085; x_wconf 87' lang='lat' dir='ltr'><strong>iiij⁰.,</strong></span> <span class='ocrx_word' id='word_1_292' title='bbox 828 5022 885 5073; x_wconf 86' lang='lat' dir='ltr'><strong>MS.</strong></span> <span class='ocrx_word' id='word_1_293' title='bbox 920 5022 976 5072; x_wconf 86' lang='lat' dir='ltr'><strong>The</strong></span> <span class='ocrx_word' id='word_1_294' title='bbox 999 5023 1056 5071; x_wconf 85' lang='lat' dir='ltr'><strong>date</strong></span> <span class='ocrx_word' id='word_1_295' title='bbox 1079 5021 1102 5070; x_wconf 88' lang='lat' dir='ltr'><strong>is</strong></span> <span class='ocrx_word' id='word_1_296' title='bbox 1143 5020 1520 5083; x_wconf 80' lang='lat' dir='ltr'><strong>111.,N0.CCCCXCV111.,</strong></span> <span class='ocrx_word' id='word_1_297' title='bbox 1545 5035 1569 5083; x_wconf 91' lang='lat' dir='ltr'><strong>p.</strong></span> <span class='ocrx_word' id='word_1_298' title='bbox 1593 5025 1656 5081; x_wconf 75' lang='lat'><strong>46³,</strong></span> 
     </span>
     <span class='ocr_line' id='line_1_38' title="bbox 601 5101 1234 5168; baseline 0.002 -16"><span class='ocrx_word' id='word_1_299' title='bbox 601 5101 669 5152; x_wconf 78' lang='lat' dir='ltr'><strong>fixeu</strong></span> <span class='ocrx_word' id='word_1_300' title='bbox 680 5104 715 5168; x_wconf 85' lang='lat' dir='ltr'><strong>by</strong></span> <span class='ocrx_word' id='word_1_301' title='bbox 726 5103 768 5152; x_wconf 86' lang='lat' dir='ltr'><strong>the</strong></span> <span class='ocrx_word' id='word_1_302' title='bbox 780 5103 853 5152; x_wconf 84' lang='lat' dir='ltr'><strong>letter</strong></span> <span class='ocrx_word' id='word_1_303' title='bbox 863 5102 894 5152; x_wconf 81' lang='lat' dir='ltr'><strong>ol</strong></span> <span class='ocrx_word' id='word_1_304' title='bbox 901 5118 965 5168; x_wconf 88' lang='lat' dir='ltr'><strong>pope</strong></span> <span class='ocrx_word' id='word_1_305' title='bbox 976 5102 1103 5153; x_wconf 85' lang='lat' dir='ltr'><strong>Innoceut</strong></span> <span class='ocrx_word' id='word_1_306' title='bbox 1144 5102 1234 5153; x_wconf 73' lang='lat' dir='ltr'><strong>below,</strong></span> 
     </span>
    </p>
   </div>
   <div class='ocr_carea' id='block_1_13' title="bbox 0 0 2100 6388">
    <p class='ocr_par' dir='ltr' id='par_1_13' title="bbox 0 0 2100 6388">
     <span class='ocr_line' id='line_1_39' title="bbox 0 0 2100 6388; baseline 0 0"><span class='ocrx_word' id='word_1_307' title='bbox 0 0 2100 6388; x_wconf 95' lang='lat' dir='ltr'><strong> </strong></span> 
     </span>
    </p>
   </div>
  </div>
 </body>
</html>
