4192 6392
607 1144 674 1209 368
890 1152 1064 1204 trls'rotl
1086 1153 1377 1217 curarum

454 1339 509 1383 ιν,
517 1342 576 1409 113⁹„
606 1329 720 1382 ¹toribus
746 1330 883 1384 canonice
909 1328 1097 1382 intrantibm.
1132 1327 1201 1382 Xon
1226 1345 1277 1383 ero
1303 1328 1335 1382 iu
1358 1328 1483 1383 consilio
1503 1345 1601 1400 neque
1628 1327 1663 1383 in

437 1390 581 1495 53³,ss
607 1413 692 1475 iacto,
720 1428 752 1466 nt
781 1415 872 1468 ritum
899 1412 1022 1484 perdant
1048 1426 1099 1465 aut
1122 1411 1299 1474 membrum,
1326 1413 1374 1466 rel
1400 1414 1555 1484 capiuntur
1578 1413 1663 1467 mala

435 1487 747 1567 tind'esttsoeprione.
784 1498 947 1552 Consilium
975 1496 1055 1567 quod
1078 1497 1153 1551 mibi
1171 1515 1225 1568 per
1250 1515 1293 1559 se,
1318 1512 1369 1552 aut
1391 1516 1446 1568 per
1462 1498 1588 1561 litterae,
1606 1512 1664 1553 aut

435 1554 574 1647 ae'ffi
605 1598 657 1652 per
676 1583 827 1645 nuncium,
849 1581 992 1636 credituri
1020 1594 1099 1641 sunt,
1117 1581 1156 1635 ad
1178 1599 1281 1635 eorum
1300 1581 1451 1644 damnum,
1469 1600 1518 1635 me
1534 1582 1662 1643 sciente.

437 1655 677 1719 Μὴν-πῶϋ
707 1666 843 1737 pandam.
887 1665 1033 1736 Papamm
1064 1664 1229 1719 Romnum
1259 1680 1290 1719 et
1318 1665 1398 1719 beuti
1421 1665 1503 1720 Petri
1532 1664 1660 1734 regalia,

603 1749 719 1818 aljutor
731 1768 782 1804 ero
799 1749 837 1804 ad
848 1748 1034 1803 retinendum
1045 1764 1076 1803 et
1094 1748 1320 1812 defendendum,
1334 1750 1417 1803 salvo
1432 1762 1533 1803 nostro
1543 1748 1660 1811 ordine,

603 1846 703 1887 contra
733 1850 833 1886 omnes
862 1832 1004 1886 homines.
1052 1832 1182 1887 Vocatus
1211 1832 1249 1886 ad
1278 1833 1422 1903 synodum
1446 1834 1571 1895 reniam,
1598 1834 1661 1888 uisi

603 1917 781 1988 praepeditus
801 1917 884 1970 luero
907 1917 1045 1970 canonica
1068 1916 1289 1988 prepeditione.
1326 1916 1472 1987 Legatum
1490 1916 1661 1987 apoetolicae

604 2001 693 2065 sedis,
713 2019 800 2071 quem
826 2014 905 2055 certe
931 2001 1063 2071 legatum
1090 2001 1155 2071 ejus
1183 2018 1249 2056 esse
1274 2018 1447 2071 comem,
1467 2002 1497 2054 iu
1514 2000 1610 2055 eudo
1629 2016 1661 2055 et

603 2084 751 2139 redeundo
762 2085 919 2139 honorifice
931 2085 1074 2147 tractabo,
1093 2098 1124 2139 et
1141 2085 1173 2139 iu
1191 2086 1253 2138 auia
1265 2085 1489 2139 necessitatibus
1501 2083 1659 2155 adjurabo.

602 2169 809 2239 Apostolorum
836 2169 939 2223 limina
965 2169 1092 2239 singulis
1117 2170 1263 2231 vienniis,
1288 2184 1340 2224 aut
1369 2187 1422 2240 per
1445 2186 1492 2222 me
1521 2178 1574 2223 aut
1603 2188 1661 2240 per

602 2255 740 2308 nuncium
765 2271 873 2316 meum,
892 2253 1029 2316 visitabo,
1048 2253 1106 2307 uisi
1134 2270 1236 2307 eorum
1253 2254 1386 2308 absolvat
1407 2253 1534 2308 licentia.
1584 2253 1660 2308 Poa-

603 2339 746 2392 sessiones
765 2337 802 2391 ad
821 2355 950 2392 mensam
968 2338 1156 2408 episcopatus
1175 2338 1233 2391 mei
1252 2339 1433 2408 pertinentes
1450 2338 1487 2392 de
1504 2355 1581 2392 noro
1597 2356 1659 2393 non

604 2421 737 2484 iendabo,
766 2439 860 2492 neque
888 2420 999 2484 locabo,
1030 2437 1126 2491 neque
1156 2421 1299 2484 alienabo,
1331 2421 1495 2476 inconsulto
1523 2421 1660 2476 Romano

602 2506 747 2579 pontifice.
784 2505 833 2561 Sic
851 2523 898 2560 me
917 2504 997 2559 Deus
1015 2504 1136 2575 adjuret
1152 2516 1183 2560 et
1199 2505 1263 2560 baec
1281 2520 1381 2561 sancta
1398 2505 1455 2560 Dei
1472 2507 1637 2576 evangelia.

451 2759 573 2856 effi&
638 2824 644 2834 ι
703 2756 842 2813 CCCCX.
881 2756 1066 2813 cummim
1085 2771 1156 2811 rma
1174 2757 1316 2812 Hermo
1334 2757 1550 2814 Csxmmmxar

1009 2841 1250 2898 sircumrrscoro.¹

435 2981 591 3036 'fflmlss
639 2985 816 3041 Coelestinus
842 2987 1006 3058 episcopus,
1026 3005 1131 3042 servus
1157 3004 1310 3041 serrorum
1336 2986 1403 3051 Dei,
1423 2986 1559 3042 Huberto
1577 2987 1656 3043 Cari·

434 3044 591 3178 ffitbe‘ss
603 3071 744 3125 tuariensi
769 3071 998 3143 archiepiscopo,
1024 3071 1191 3142 apostolicae
1221 3070 1300 3125 sedis
1330 3071 1437 3141 legato,
1468 3071 1594 3126 salutem
1623 3087 1657 3127 et

435 3135 547 3246 {litam
601 3155 790 3226 apostolicam
808 3154 1049 3210 benedictionem.
1076 3155 1236 3210 Sinceritas
1254 3155 1417 3209 devotionis
1435 3166 1466 3210 ct
1483 3155 1551 3209 fidei
1563 3174 1656 3225 quam

435 3236 766 3329 :taumm'nsslim
810 3257 926 3311 semper
961 3241 1087 3295 ecclesia
1128 3241 1207 3294 circa
1236 3250 1451 3294 sacrosanctam
1489 3239 1656 3296 Romanam

436 3335 567 3380 noberta·
601 3323 755 3378 ecclesiam
773 3325 967 3387 conservarit,
987 3324 1019 3378 iu
1036 3331 1098 3388 tua,
1112 3325 1191 3381 sicut
1208 3324 1281 3378 bene
1299 3324 1482 3389 confidimns,
1496 3323 1656 3395 prudentia

435 3388 569 3491 mle*
601 3415 630 3463 et
648 3409 758 3463 virtute
776 3409 918 3473 refloruit,
939 3415 968 3463 et
985 3409 1087 3479 placiti
1115 3409 1238 3462 ferroris
1265 3409 1378 3479 accepit
1404 3408 1582 3480 acceptabile
1609 3410 1655 3464 in·

436 3488 553 3582 affl!
600 3504 790 3547 crementum.
829 3493 909 3547 Talis
928 3493 1005 3546 enim
1024 3493 1062 3546 ad
1081 3493 1241 3546 Romanam
1259 3492 1413 3547 ecclesium
1437 3502 1496 3547 tute
1515 3494 1654 3549 fraterni·

480 3584 482 3586 ’
600 3578 668 3630 tatis
688 3578 833 3631 emanarit
852 3579 959 3648 opinio,
975 3594 1040 3647 quse
1059 3587 1088 3630 et
1106 3590 1163 3630 ture
1182 3577 1342 3630 honestatis
1356 3577 1443 3631 odore
1461 3595 1513 3631 nos
1526 3590 1652 3642 recreet,

600 3674 630 3713 et
648 3662 815 3715 constantia·
835 3679 922 3731 quam
941 3661 1030 3714 habes
1050 3662 1151 3731 rigore
1165 3661 1323 3717 confirmet.
1338 3663 1379 3715 ita
1397 3669 1430 3715 ut
1448 3663 1653 3718 confidentiam

601 3763 687 3813 quam
716 3745 751 3796 do
778 3758 827 3797 tuu
853 3744 997 3814 probitate
1028 3746 1215 3815 concepimus
1242 3745 1271 3797 iu
1302 3758 1400 3799 nostro
1427 3746 1489 3815 jam
1520 3749 1653 3817 apertius

600 3847 686 3898 cipere
705 3827 950 3882 condeclnremus.
989 3829 1178 3900 Supplicaute
1197 3830 1297 3900 itaque
1315 3830 1466 3884 carissimo
1484 3832 1514 3884 in
1533 3831 1653 3885 Christo

602 3913 660 3966 lilio
688 3912 812 3966 Ricardo
839 3913 947 3967 illustri
978 3931 1048 3980 rege
1073 3913 1200 3982 Angliae,
1228 3926 1257 3967 et
1284 3914 1431 3967 universis
1457 3915 1654 3984 suffraganeis

601 3997 821 4051 (lontriariensis
840 3998 981 4060 ecclesiae,
1002 4005 1035 4051 ut
1053 3997 1217 4067 Anglicana
1236 3998 1359 4051 ecclesia
1383 3998 1513 4068 legatum
1538 4012 1653 4070 aposto·

602 4081 666 4134 licre
693 4081 780 4144 sedis,
802 4100 854 4152 pro
873 4083 933 4135 suis
960 4090 990 4135 et
1009 4082 1093 4151 regni
1113 4082 1292 4151 profectibus
1319 4082 1480 4147 obtineret;
1508 4091 1571 4137 tum
1597 4103 1652 4156 pro

601 4165 753 4219 devotione
796 4184 882 4235 quum
920 4165 956 4218 ud
987 4165 1227 4219 Cantuariensem
1258 4167 1411 4220 ecclesiam
1448 4185 1500 4237 pro
1537 4170 1651 4222 meritis

601 4251 681 4303 illius
710 4251 830 4319 gloriosi
857 4250 995 4320 martyris
1022 4250 1173 4311 habemus,
1203 4257 1266 4303 tum
1294 4251 1380 4303 etiam
1409 4264 1468 4305 tute
1495 4253 1651 4322 probitatis

602 4344 631 4388 et
656 4334 816 4388 honestatis
846 4333 965 4395 intuitu,
993 4352 1093 4387 eorum
1116 4334 1252 4404 precibus
1280 4353 1431 4388 assensum
1459 4338 1650 4406 praestitimus

601 4430 631 4471 ot
650 4421 787 4479 savorem,
808 4419 933 4471 maxime
953 4418 1021 4487 quia
1040 4416 1166 4471 multum
1190 4417 1336 4472 credimus
1359 4419 1490 4473 ccclesia>
1508 4426 1538 4473 et
1564 4424 1650 4491 regni

602 4503 779 4556 utilitatibus
801 4501 947 4572 expedire.
968 4502 993 4553 si
1018 4500 1106 4554 talem
1132 4502 1162 4554 in
1183 4502 1347 4555 ministerio
1373 4503 1540 4572 supradicto
1566 4506 1651 4575 regio

603 4587 653 4641 illo
670 4588 801 4658 recipiat,
822 4585 938 4656 qualem
964 4585 1097 4655 praedicti
1125 4586 1205 4655 regis
1230 4593 1260 4638 et
1285 4586 1485 4655 episcoporum
1512 4588 1652 4643 instantia

602 4672 638 4724 ‹le
657 4671 884 4723 conversationis
903 4670 1009 4722 merito
1028 4675 1058 4722 et
1078 4668 1144 4721 fidei
1163 4668 1316 4723 devotione
1337 4670 1526 4724 commendat.
1565 4670 1651 4726 Ideo-

602 4774 658 4825 que
686 4755 722 4807 ad
750 4755 887 4807 honorem
916 4754 972 4806 Dei
999 4760 1029 4806 et
1060 4753 1190 4806 ecclesie
1217 4751 1435 4807 Cantuariensis
1466 4755 1589 4808 salutem
1621 4764 1652 4811 et

602 4857 710 4910 pacem,
737 4857 789 4909 per
817 4845 910 4892 totum
937 4855 1061 4906 regnum
1081 4836 1207 4907 Anglire,
1227 4855 1284 4891 non
1311 4838 1441 4891 obstante
1467 4841 1651 4910 exemptione

673 5081 679 5110 ¹
701 5079 765 5130 'l'bis
777 5081 850 5131 letter
863 5080 884 5128 is
895 5081 970 5145 giren
982 5082 1017 5145 by
1028 5081 1060 5132 R.
1073 5083 1104 5133 de
1116 5082 1214 5145 Diceto,
1227 5088 1283 5146 679,
1294 5086 1345 5134 and
1356 5084 1486 5148 Heredem
1498 5091 1546 5136 ⁴28
1558 5094 1595 5138 τῦ.
