4192 6392
458 1131 500 1201 te
741 1146 914 1197 musteus:
936 1146 1223 1208 cmruuursssss,

311 1327 429 1372 :ulatur
459 1332 562 1375 vestrm
587 1320 716 1375 obvoluti
738 1323 872 1393 genibus,
898 1322 993 1378 denuo
1012 1322 1222 1394 supplicamus,
1238 1330 1385 1393 quatenus
1408 1326 1511 1378 statum

290 1400 409 1495 ᾗῐέξῗξῑίξη
460 1403 590 1459 eeclesia
634 1411 740 1459 uostuu
778 1406 886 1461 curetis
919 1406 1085 1462 indemnem
1119 1422 1302 1462 conservare.
1356 1405 1408 1461 Sic
1439 1406 1512 1461 enim

293 1503 439 1547 ruttoiuue
459 1487 593 1542 ordinare
614 1488 708 1543 cilicia
731 1489 794 1544 siue
818 1490 939 1545 consilio
963 1496 1121 1545 conventus
1145 1489 1245 1553 vestri,
1267 1506 1336 1559 quae
1357 1488 1512 1561 adprioris

291 1556 351 1596 ”²⁰¹
459 1571 506 1625 vel
526 1571 589 1641 ejus
611 1572 662 1642 qui
686 1572 782 1628 ordini
802 1580 909 1643 praeest
931 1580 1063 1645 spectant
1082 1572 1313 1644 dispositionem,
1334 1590 1390 1629 nos
1409 1572 1512 1628 ecimus

461 1656 540 1727 quod
563 1659 741 1713 cousuetudo
765 1666 889 1715 nonest
913 1670 1020 1725 nostra,
1041 1660 1111 1730 quia
1134 1676 1187 1715 uec
1218 1659 1334 1730 regular
1369 1664 1513 1715 censeam

460 1758 564 1806 ueum;
592 1742 670 1811 quod
694 1748 791 1797 autem
815 1761 868 1799 nos
899 1761 999 1799 rerum
1029 1750 1194 1799 nostrarum
1218 1748 1363 1814 potestate
1394 1741 1514 1814 privatis

460 1836 579 1895 propter
601 1826 709 1895 prioris
734 1827 904 1893 absentiam,
925 1834 958 1882 ut
976 1826 1085 1891 dicitis,
1105 1827 1150 1881 vis
1175 1834 1228 1889 est,
1254 1842 1312 1881 non
1322 1825 1385 1896 jus.
1424 1824 1513 1881 Nobis

461 1914 538 1967 cuim
563 1915 626 1968 sive
658 1915 755 1985 priore
780 1915 907 1978 absente,
938 1916 1000 1970 sive
1030 1922 1154 1979 mortuo,
1186 1914 1281 1968 libera
1312 1930 1434 1986 semper
1463 1913 1516 1968 luit

293 2002 413 2056 Tlterrior
461 2015 561 2052 rerum
596 2004 761 2052 nostrarum
802 1998 1025 2055 administratio.
1076 1998 1187 2054 Prioris
1220 1997 1300 2051 enirn
1331 1998 1416 2053 nulla
1451 2002 1515 2053 eunt

293 2053 393 2155 mim
462 2082 623 2143 boum-sed
642 2083 739 2137 omnia
759 2088 916 2138 conventus
937 2082 1112 2139 eommunia.
1149 2081 1222 2152 Ejus
1247 2098 1320 2152 ergo
1351 2080 1514 2137 sollicitudo

293 2155 448 2255 lgm-*postu
462 2172 507 2221 est
531 2166 561 2220 iu
585 2172 728 2221 conventu
752 2167 855 2237 prima,
876 2176 1003 2238 potestas
1027 2165 1090 2221 siue
1121 2170 1263 2221 conventu
1284 2164 1379 2230 nulla,
1399 2172 1431 2221 et
1450 2182 1515 2220 eum

296 2252 449 2300 thorout-eut.
462 2268 496 2303 ex
528 2250 662 2306 omuibus
693 2251 767 2304 nihil
800 2251 905 2306 habeat
932 2251 963 2305 in
995 2249 1188 2320 possessione,
1214 2248 1295 2319 prior
1322 2253 1369 2303 est
1401 2248 1515 2304 nomine

461 2340 573 2389 tautum
598 2342 626 2388 et
654 2335 804 2404 dignitate.
855 2334 927 2389 Haee
960 2332 1148 2397 consuetudo,
1169 2332 1217 2387 hic
1250 2336 1344 2386 status
1374 2332 1513 2396 eeclesias,
1575 2406 1577 2411 Ι

462 2419 619 2488 apostolice
643 2420 773 2472 firmatus
797 2419 976 2473 auctoritate.
1015 2417 1137 2489 Propter
1160 2414 1331 2486 hujusmodi
1352 2415 1515 2471 subsidium

461 2501 651 2570 apostolicum
676 2501 907 2571 imploravimus,
954 2500 1026 2570 Quat
1050 2518 1108 2565 ree,
1128 2499 1153 2554 si
1177 2500 1281 2569 placet,
1301 2516 1356 2554 uec
1387 2499 1515 2555 animum

462 2590 591 2638 vestrum
617 2583 736 2638 deberet
767 2586 908 2640 avertisse
933 2604 951 2640 a
980 2584 1074 2649 uobis,
1103 2602 1156 2638 nec
1184 2582 1366 2639 subtraxisse
1391 2601 1515 2655 prmseu·

462 2668 542 2721 tiam.
592 2668 659 2722 Nou
684 2669 760 2722 euim
795 2669 880 2723 debet
908 2669 1045 2723 diseretio
1070 2674 1176 2731 vestra,
1203 2665 1281 2737 quod
1311 2666 1363 2737 jus
1385 2671 1514 2723 uestrum

463 2756 665 2819 protestamur,
681 2762 815 2822 reputare
835 2752 983 2823 injuriam,
998 2769 1066 2806 cum
1086 2751 1200 2821 justum
1219 2750 1328 2819 putetis
1348 2767 1404 2805 nos
1428 2749 1515 2821 quod·

463 2835 535 2888 libet
566 2842 673 2905 petere.
711 2835 805 2903 'Quod
836 2837 862 2891 si
896 2837 984 2891 etiam
1005 2853 1082 2890 nunc
1106 2833 1316 2904 delinquimus,
1342 2834 1415 2904 quia
1439 2851 1515 2889 man·

464 2918 564 2972 <lutum
586 2923 714 2973 vestrum
741 2918 819 2987 quod
844 2924 950 2973 statum
983 2917 1114 2974 ecelesim
1143 2920 1248 2971 uostrm
1273 2915 1353 2970 intus
1386 2921 1416 2971 et
1438 2922 1515 2971 extra

463 3001 633 3056 immutaret
656 3020 712 3056 uou
738 3003 930 3073 suscepimus,
957 3020 1024 3058 ecce
1048 3020 1117 3056 oves
1142 3006 1247 3055 vestrm
1264 2999 1294 3053 iu
1311 3017 1402 3054 manu
1422 3005 1515 3056 vestra

295 3077 433 3173 ξζζζξῃθω
464 3103 574 3149 sumus,
607 3086 669 3140 siue
695 3085 808 3140 viribus
843 3086 905 3141 sive
939 3092 1109 3157 protectore.
1160 3082 1319 3155 Speremus
1350 3092 1449 3140 antem
1480 3082 1515 3138 de

294 3168 407 3223 iuercltut.
465 3170 642 3242 benignitate
671 3175 769 3225 vestra
796 3170 866 3240 quia
890 3188 958 3225 cum
983 3170 1049 3224 irati
1084 3168 1198 3223 fueritis
1229 3166 1442 3223 misericordias
1473 3167 1598 3253 rellsbsb

321 3255 350 3297 ¹0·
359 3260 384 3299 1⁸
393 3264 426 3300 t'‘’·
463 3254 664 3317 cordubimini,
682 3272 736 3310 uec
760 3260 865 3309 vestrm
883 3254 990 3309 dabitis
1008 3252 1160 3317 voluntati,
1179 3268 1233 3306 neo
1251 3250 1374 3307 alterius
1396 3229 1578 3324 sugges-⁸²*

463 3340 544 3405 tioui,
568 3348 600 3395 ut
621 3339 695 3395 boue
724 3356 886 3411 pauperum
911 3339 1015 3394 abeunt
1038 3338 1068 3393 iu
1089 3335 1337 3407 dilapidationem.

508 3576 675 3633 LXXXVI.
715 3575 884 3634 Cesvnsrvs
904 3576 1133 3633 Crurrmmssts
1152 3588 1285 3633 curuum
1304 3576 1480 3633 Crsrnrrnr.

295 3707 450 3802 lectulus-plut
500 3707 577 3761 Satis
597 3714 626 3761 et
645 3725 733 3778 supra
755 3708 902 3764 sanctitati
926 3713 1031 3763 vestrm
1057 3707 1191 3771 innotuit,
1212 3707 1283 3777 quia
1309 3707 1384 3762 bouo
1413 3706 1515 3763 semini

294 3770 445 3860 ffiiissiifofw
463 3789 539 3842 iuter
558 3791 755 3845 venerabilem
774 3800 886 3862 patrem
904 3797 1036 3847 nostrum
1055 3798 1085 3846 et
1108 3808 1160 3846 nos
1179 3790 1320 3845 inchoata
1339 3791 1514 3855 dilectionis,

293 3861 430 3961 ξῆζξὲζῐξξ,
463 3873 598 3928 iuimicus
616 3874 702 3929 homo
721 3875 874 3931 discordiae
887 3874 1131 3947 superseminavit
1148 3887 1177 3929 et
1195 3874 1315 3928 zizania.
1354 3874 1515 3947 Postquam
1528 3889 1597 3934 aas!

294 3954 449 4054 spplcobdtpt
463 3957 540 4011 euim
553 3975 619 4012 eum
633 3959 664 4012 iu
681 3968 796 4029 patrem
808 3967 838 4015 et
849 3964 996 4031 pastorem
1009 3958 1163 4029 elegimus,
1178 3958 1312 4028 quemvis
1325 3958 1356 4011 iu
1368 3958 1514 4030 eligendo,
1528 3947 1557 3986 ἦ

294 4022 414 4113 iunipir‘
425 4025 441 4056 ¹'
462 4047 495 4096 ut
513 4044 554 4107 tit,
576 4042 613 4097 ed
631 4044 790 4100 novitatem
809 4044 951 4107 difficiles,
972 4060 1070 4098 eoram
1088 4041 1151 4097 Deo
1169 4042 1327 4111 loquimur,
1349 4048 1432 4097 tanta
1449 4060 1516 4098 eum

461 4127 581 4181 caritate
601 4128 725 4198 amplexi
745 4146 855 4192 sumus,
879 4133 913 4183 ut
936 4132 1107 4197 putaremur
1131 4141 1182 4179 uos
1209 4124 1353 4195 Spiritum
1379 4125 1437 4181 Dei
1460 4143 1515 4181 nou

461 4209 607 4275 habuisse,
629 4212 680 4282 qui
698 4212 788 4266 talem
806 4229 840 4265 uc
857 4216 970 4265 tautum
988 4210 1086 4263 virum
1104 4207 1187 4263 uobis
1212 4206 1370 4277 aliquando
1388 4226 1516 4280 praeesse

461 4295 617 4350 noluimus.
657 4297 692 4349 In
711 4295 913 4366 spiritualibus
926 4293 1073 4365 siquidem
1091 4298 1121 4348 et
1137 4291 1347 4363 temporalibus
1360 4294 1517 4363 provenire

461 4382 642 4451 speravimus
661 4380 888 4435 incrementum:
914 4375 1156 4447 promissionibus
1175 4377 1238 4447 ejus
1252 4375 1359 4446 quibus
1379 4377 1516 4433 standum

459 4465 612 4519 videbatur
632 4463 792 4518 exhilarati.
832 4462 977 4518 Caeterum
996 4461 1094 4515 statim
1112 4460 1149 4516 ab
1168 4460 1305 4531 ingressu
1326 4478 1380 4514 suo
1400 4461 1517 4516 aemulis

459 4548 566 4602 nostris
586 4564 687 4601 aurem
706 4546 795 4611 dedit,
815 4552 844 4600 et
861 4545 991 4600 animum
1009 4544 1115 4602 av'ertit
1133 4562 1151 4598 a
1168 4543 1261 4599 uobis.
1301 4542 1400 4615 Ooepit
1418 4551 1517 4599 autem

461 4630 605 4684 subtiliter
624 4647 713 4699 agere
726 4636 826 4685 coutra
843 4646 906 4694 nos,
921 4635 949 4683 et
967 4629 1132 4684 occasiones
1147 4644 1278 4698 quarere
1290 4626 1328 4680 ad
1339 4627 1514 4683 nocendum.

459 4713 569 4768 afflicti
595 4718 623 4766 et
649 4713 763 4769 demnis
789 4713 973 4784 gravioribus
1000 4713 1100 4776 attriti,
1134 4711 1335 4775 sustinuimus,
1365 4717 1517 4782 sperantes

461 4797 538 4868 quod
556 4802 676 4868 poneret
693 4797 810 4851 taudem
828 4802 910 4868 pater
927 4804 1026 4852 noster
1043 4815 1094 4852 eor
1113 4814 1198 4851 suum
1227 4812 1315 4866 super
1341 4795 1407 4851 vias
1437 4815 1516 4861 suas,
1531 4810 1598 4864 aare

291 4884 422 4932 ottueueu
461 4894 489 4938 et
506 4883 649 4954 poeuiteus
675 4880 777 4951 pedem
802 4882 932 4936 referret.
981 4880 1129 4936 Processit
1153 4886 1249 4934 autem
1277 4878 1412 4945 ulterius,
1433 4879 1517 4935 etde

291 4937 391 4990 marcu,
459 4967 543 5021 bonis
562 4966 650 5036 hujus
674 4967 789 5029 riostrae,
811 4965 956 5035 quandam
981 4965 1154 5020 clericorum
1178 4963 1332 5020 ecclesiam
1353 4961 1440 5035 juxta
1462 4981 1517 5019 nos

459 5051 582 5105 sundere
600 5049 734 5105 instituit
771 5048 815 5103 Ex
843 5049 926 5120 cujus
955 5049 1167 5106 constructione
1191 5046 1305 5119 liquido
1330 5046 1515 5118 pervidimus
