4192 6392
799 1208 957 1258 emireus:
980 1207 1185 1258 ussuuwmr.
1472 1200 1516 1262 85

460 1383 539 1437 enim
558 1382 691 1437 faciendo
710 1381 806 1437 Deum
825 1382 855 1436 in
873 1382 1005 1437 ecclesias
1024 1400 1085 1437 suas
1104 1382 1229 1439 tuitione
1247 1383 1331 1439 vobis
1355 1384 1516 1455 complace-
1544 1401 1599 1444 nn.
1607 1403 1665 1446 11⁸7.

459 1467 538 1529 bitis,
552 1467 667 1537 liquido
686 1467 831 1522 intuentes
850 1466 929 1536 quod
941 1467 1056 1521 vexatio
1074 1473 1175 1522 nostra
1192 1466 1230 1522 ad
1247 1468 1387 1523 honorem
1406 1468 1516 1523 domini
1527 1451 1654 1558 Alffi‘l

460 1551 540 1621 regis
559 1551 623 1606 sive
642 1551 753 1606 domini
777 1551 990 1623 archiepiscopi
1009 1551 1157 1622 pertinere
1175 1568 1234 1606 non
1251 1558 1357 1622 potest,
1377 1569 1431 1608 nec
1449 1569 1516 1607 con·
1528 1564 1675 1609 teriustoths

459 1636 536 1689 serre
554 1636 592 1690 sd
610 1636 746 1691 salutem.
784 1636 899 1691 Meritis
928 1642 1026 1691 autem
1054 1635 1182 1699 accedet,
1202 1635 1286 1690 stab
1305 1614 1687 1709 officiovestrofflffifflffl

458 1737 516 1774 non
534 1719 723 1790 discrepabit,
744 1719 770 1775 si
796 1736 832 1773 ne
851 1720 902 1774 fiat
928 1719 1039 1773 mulum
1057 1720 1113 1774 hoc
1131 1719 1336 1790 impedieritis,
1357 1716 1598 1775 aedifloamrmhb
1635 1728 1673 1769 ⁰1³·

293 1810 439 1859 usurum
460 1803 573 1874 sepium
592 1803 697 1867 lactus,
718 1809 748 1858 et
765 1808 901 1858 avertens
920 1803 1048 1874 semitas
1058 1803 1258 1874 iniquitatum.
1296 1803 1403 1860 Valeat
1420 1810 1516 1875 pater·

292 1866 316 1907 ²
459 1887 536 1944 nitas
553 1893 653 1945 vestra
671 1905 787 1959 semper
804 1888 835 1942 iu
853 1887 990 1942 Domino.

660 2138 729 2194 ΟΠ.
767 2138 844 2194 Inus
863 2139 994 2196 ltresuno
1013 2154 1111 2196 comus
1129 2140 1312 2197 Prcrsrrusr.
1557 2163 1671 2216 smus·

495 2266 659 2323 Ecclesiam
677 2267 732 2322 Dei
761 2267 917 2323 defendere
943 2269 982 2324 od
1006 2270 1147 2324 honorem
1174 2274 1306 2325 vestrum
1331 2268 1460 2341 pertinet
1486 2274 1685 2329 etunsoenreut

462 2350 596 2415 salutem,
617 2351 687 2420 quia
707 2351 799 2406 honor
817 2352 873 2406 Dei
891 2353 984 2408 honor
1008 2359 1109 2409 vester
1136 2359 1189 2419 est,
1210 2360 1241 2410 et
1267 2371 1335 2408 cum
1360 2353 1514 2409 ecclesiam
1526 2335 1678 2430 ffi'ss'f‘h‘

462 2434 525 2505 ejus
537 2435 697 2501 honoratis,
712 2436 801 2491 saluti
820 2437 926 2492 uuimae
938 2442 1045 2493 vestrae
1059 2438 1221 2493 intenditis.
1255 2437 1299 2492 Dc
1318 2437 1514 2509 generositate
1525 2435 1657 2530 {gem}

462 2536 533 2590 ergo
562 2520 653 2574 animi
687 2522 778 2576 vestri
809 2521 986 2576 confidentes
1016 2522 1100 2577 vebis
1131 2522 1342 2594 supplicamus,
1370 2527 1660 2593 quatenusnnsuostor

461 2602 681 2659 cantuariensis
699 2604 841 2669 ecclesias,
855 2605 885 2659 iu
904 2623 963 2676 qua
974 2604 1037 2659 Deo
1056 2606 1249 2670 deservimus,
1263 2607 1403 2661 honorem
1415 2605 1514 2661 velitis
1525 2586 1670 2682 ngl'ffi

461 2704 643 2753 couservare,
672 2706 737 2759 quas
767 2688 855 2744 debet
884 2695 915 2744 et
944 2689 1101 2754 desiderat,
1129 2690 1192 2744 Deo
1216 2690 1397 2761 disponente,
1424 2687 1685 2762 apitithelrchumu

460 2777 559 2827 vestro
576 2771 663 2843 regni
681 2788 816 2827 eoronam
834 2773 1001 2844 imponere:
1028 2773 1099 2844 quia
1117 2773 1252 2828 dominus
1276 2773 1514 2845 archiepiscopus

459 2856 658 2927 possessiones
685 2864 800 2912 nostras
828 2857 913 2912 nobis
939 2856 1068 2922 abstulit,
1089 2860 1119 2911 et
1141 2856 1212 2928 jura
1229 2857 1351 2927 antiqua
1367 2873 1426 2912 non
1449 2874 1514 2928 per·

459 2939 550 2995 mittit
572 2957 625 2995 nos
652 2945 751 2995 tenere
778 2940 856 2996 sicut
882 2941 1028 2996 tenuimus
1056 2941 1238 3012 temporibus
1265 2941 1514 3013 predecessorum

457 3041 587 3090 suorum,
607 3031 638 3080 et
657 3024 727 3090 suis,
749 3042 842 3095 usque
862 3025 965 3079 modo:
986 3030 1016 3080 et
1033 3025 1111 3080 undo
1130 3025 1226 3096 magis
1246 3024 1390 3090 dolemus,
1409 3030 1515 3097 putant

457 3108 589 3164 homiues
608 3109 686 3180 qnod
704 3109 803 3165 omnia
820 3126 873 3180 per
898 3109 1052 3164 dominum
1079 3115 1215 3164 nostrum
1233 3127 1336 3181 regem
1363 3115 1511 3180 operatur,

456 3198 487 3248 et
504 3193 551 3247 sui
569 3193 624 3248 hoc
650 3193 804 3249 manifeste
831 3194 943 3249 dicunt.
981 3192 1043 3249 Vos
1069 3200 1167 3250 autem
1193 3211 1247 3265 pro
1272 3194 1383 3248 honore
1402 3192 1459 3247 Dei
1484 3199 1515 3248 et

456 3276 566 3332 domini
583 3276 665 3347 regis
684 3277 776 3348 patris
794 3277 887 3333 vostri
905 3283 936 3332 et
953 3283 1063 3342 vestro,
1077 3283 1177 3349 partes
1195 3282 1309 3332 vestras
1322 3276 1511 3346 interponite,

455 3366 490 3416 ut
514 3360 639 3416 eeclesia
663 3367 763 3417 nostra
789 3361 820 3417 in
847 3367 927 3417 statu
955 3379 1009 3417 suo
1034 3365 1235 3426 conservetur,
1257 3366 1401 3432 quatenus
1429 3359 1512 3415 Deus

456 3461 509 3516 per
538 3446 644 3501 merita
675 3445 775 3502 Sancti
800 3446 919 3501 'I'homae
944 3446 1085 3517 martyris
1112 3444 1246 3516 gloriosi,
1275 3462 1366 3500 annos
1396 3450 1512 3501 vestros

456 3529 634 3600 multiplicet
651 3536 682 3586 et
699 3534 808 3600 augeat
825 3531 961 3586 honores.
999 3529 1116 3585 Valete.

457 3773 541 3829 0111.
580 3773 657 3828 Inuus
675 3787 826 3829 cosumus
845 3773 1004 3828 strennuo
1022 3787 1059 3826 nn
1078 3771 1280 3836 Maurarum,
1300 3769 1460 3826 Hanumuo
1477 3784 1511 3824 ur
1554 3792 1651 3844 gum,

895 3858 1076 3911 Trinummo.

491 3987 579 4043 Modo
597 3988 731 4060 indigent
749 4005 891 4059 pauperes
911 3987 1017 4042 fratres
1036 3984 1129 4040 vestri
1149 3990 1249 4039 vestro
1268 3981 1426 4053 adjutorio,
1441 3982 1511 4053 quia
1522 3977 1675 4073 &mm

456 4072 590 4128 domiuus
620 4072 856 4143 archiepiscopus
893 4070 1093 4142 possessiones
1124 4076 1239 4123 nostras
1272 4067 1356 4122 nobis
1393 4067 1507 4132 anlert3
1522 4079 1659 4174 mxu&

456 4157 569 4214 seilicet
587 4159 717 4213 maneria
734 4165 835 4212 nostra
861 4156 938 4210 uude
957 4154 1095 4219 viximus,
1117 4153 1249 4207 homines
1276 4156 1391 4206 nostros
1420 4167 1679 4229 superfflmffl„

456 4260 528 4313 quos
558 4259 674 4314 semper
704 4242 859 4297 habuimus
891 4244 1075 4311 potestatem,
1104 4237 1181 4292 sicut
1211 4237 1274 4307 ipse
1306 4253 1395 4306 super
1422 4252 1507 4300 suos;
1521 4230 1649 4326 ffiffi:

456 4326 592 4381 similiter
610 4326 733 4381 abstulit
750 4325 833 4381 nobis
852 4325 965 4379 curiam
984 4330 1123 4385 nostram,
1141 4329 1171 4377 et
1188 4321 1254 4377 vult
1272 4320 1371 4375 omnia
1388 4318 1508 4382 habere,
1521 4331 1679 4383 edentulos,

455 4416 486 4465 et
502 4410 632 4465 omnium
651 4410 786 4465 dominus
805 4427 885 4464 esse:
906 4426 960 4463 nec
978 4407 1005 4462 ei
1025 4406 1133 4463 sufficit
1151 4404 1230 4475 quod
1243 4403 1368 4459 Sanctus
1381 4401 1508 4456 Thomas
1521 4382 1672 4476 {flrllw

455 4496 565 4559 habuit,
580 4501 610 4550 et
627 4493 782 4559 Ricardus,
797 4500 827 4549 et
844 4500 1041 4548 antecessores
1055 4492 1111 4556 sui,
1126 4496 1156 4546 ct
1169 4491 1294 4561 ipsemet
1305 4504 1399 4557 usque
1411 4484 1507 4540 modo.
1521 4483 1628 4586 mim

456 4580 527 4635 ldco
545 4598 597 4650 pro
615 4597 713 4634 amore
732 4579 787 4633 Dei
807 4585 837 4634 et
855 4578 1021 4633 reverentia
1042 4575 1164 4648 gloriosi
1183 4571 1323 4644 martyris
1336 4572 1465 4638 Thomas,
1480 4576 1510 4626 et

456 4665 562 4720 honore
581 4663 691 4718 domini
710 4663 791 4734 regis
811 4662 998 4717 intromittite
1016 4678 1069 4716 vos
1089 4677 1161 4730 erga
1179 4657 1330 4713 domiuum
1342 4672 1456 4727 regem,
1476 4659 1510 4709 ut

455 4765 507 4803 uos
534 4754 632 4804 teneat
657 4749 687 4802 in
715 4754 793 4803 statu
820 4747 849 4801 in
876 4764 934 4817 quo
957 4745 1068 4800 fuimus
1094 4750 1154 4799 toto
1181 4749 1313 4812 temporo
1341 4757 1403 4803 suo,
1430 4736 1510 4794 etin

454 4832 687 4903 possessionibus
719 4839 748 4886 et
772 4830 959 4885 libertatibus
986 4846 1059 4901 quas
1087 4827 1150 4898 ipso
1181 4832 1211 4881 et
1236 4830 1436 4881 antecessores
1462 4822 1508 4876 sui

453 4916 537 4971 nobis
556 4916 745 4981 confirmaut3
766 4933 819 4971 uec
837 4920 956 4986 propter
972 4912 1152 4968 voluntatem
1172 4909 1283 4965 domini
1297 4905 1509 4977 archiepiscopi

455 5000 544 5056 faciat
570 5000 682 5071 aliquid
710 5000 788 5071 quod
815 5006 916 5056 eontra
940 4999 1080 5053 honorem
1108 5013 1195 5052 suum
1226 4993 1265 5049 sit
1294 4990 1342 5048 vel
1373 4988 1507 5046 salutem.
1548 4994 1653 5041 tonora

455 5083 570 5143 Valete.
