4192 6392
640 1141 708 1207 222
926 1155 1098 1207 sueretu
1120 1156 1410 1219 caurumrsnsas,

490 1335 611 1431 Afflsst
638 1335 855 1407 archiepiscopo
880 1335 1060 1407 loqueretur,
1092 1353 1181 1408 quem
1216 1337 1414 1393 mundaverat.
1469 1336 1563 1394 Nobis
1593 1343 1692 1396 autem

495 1437 604 1482 senem,
637 1420 900 1476 contradicentibus
928 1427 958 1476 ct
985 1420 1037 1476 diu
1063 1422 1252 1477 renuentibus
1278 1422 1359 1488 dixit,
1389 1421 1452 1479 “Si
1470 1423 1571 1489 vultis,
1592 1425 1692 1492 facite,

467 1501 624 1596 ggffilffi
640 1508 659 1532 “
680 1505 726 1559 sin
753 1511 859 1568 autem,
886 1504 986 1560 abite:
1013 1505 1066 1560 sed
1084 1506 1239 1561 consilium
1265 1524 1364 1562 meum
1391 1514 1437 1563 est
1461 1513 1495 1562 ut
1521 1511 1692 1581 expectetis,

468 1603 564 1646 mutuo
642 1592 661 1616 “
681 1607 735 1660 pro
753 1590 827 1644 bono
846 1589 925 1643 enim
949 1595 1050 1645 vestro
1077 1591 1329 1662 archiepiscopum
1354 1592 1555 1656 mandarint
1579 1594 1693 1666 aliquid

468 1653 607 1747 ffiffw
638 1676 657 1702 “
677 1674 714 1728 ab
732 1691 767 1728 eo
785 1679 974 1744 extorqueam
993 1675 1072 1744 quod
1089 1675 1172 1729 vobis
1198 1676 1292 1746 possit
1317 1676 1486 1747 prodesse.”
1530 1677 1571 1733 ut
1597 1679 1640 1734 sic
1664 1680 1693 1735 ei

468 1755 565 1801 chestsr.
636 1758 849 1829 adquievimus,
868 1756 972 1812 timide
1001 1764 1116 1824 tamen3
1142 1759 1281 1814 timemus
1307 1761 1384 1814 onim
1409 1779 1446 1816 ne
1473 1778 1572 1817 coram
1596 1763 1692 1819 archi·

635 1844 772 1914 episcopo
790 1848 877 1912 cogat
894 1859 947 1897 nos
966 1842 1080 1913 aliquid
1099 1843 1131 1897 in
1156 1843 1345 1914 dispendium
1367 1844 1445 1916 juris
1471 1847 1565 1901 nostri
1592 1847 1692 1903 dicere

636 1928 682 1981 vel
708 1929 822 1992 faeere;
850 1925 903 1981 sed
928 1927 1044 1982 nonnisi
1071 1927 1157 1982 inviti
1183 1946 1282 1983 coram
1309 1929 1353 1983 eis
1380 1930 1596 2001 apparebimus,
1621 1933 1693 2002 quia

634 2011 752 2064 omnino
776 2016 874 2064 tutum
900 2028 959 2065 uon
983 2017 1039 2066 est.
1087 2010 1136 2065 Ad
1161 2011 1239 2082 quod
1266 2018 1364 2067 tamen
1390 2015 1415 2068 si
1442 2014 1586 2085 cogimur,
1617 2016 1691 2087 quid

636 2095 731 2150 facere
749 2094 907 2150 habeamus
926 2095 981 2151 sub
999 2095 1093 2150 multa
1110 2096 1260 2153 eeleritate
1277 2096 1362 2153 nobis
1379 2098 1525 2155 mandate.
1562 2099 1678 2157 Veleia.

509 2361 577 2407 June.
678 2351 811 2409 COXLI.
849 2355 993 2410 Punnro
1009 2369 1080 2410 uam
1098 2354 1279 2409 Fasscouuu
1297 2353 1488 2410 Tusculanus
1505 2353 1654 2412 Osrmnns

1085 2453 1245 2493 sr1scorus.
1687 2501 1689 2504 .

380 2544 385 2549 ¹
466 2571 604 2626 uhebuhop
670 2568 786 2625 illustri
804 2577 835 2626 et
858 2570 1023 2641 magnifico,
1044 2569 1101 2624 Dei
1119 2568 1224 2640 gratia,
1244 2567 1382 2639 PhillPPO
1407 2567 1587 2624 Frffissofflm
1612 2569 1690 2642 1085,

465 2622 623 2717 iffi*
634 2652 819 2711 'lbeobaldus
837 2655 940 2710 eadem
970 2654 1068 2726 gratia
1086 2653 1230 2709 Ostiensis
1258 2658 1289 2707 et
1305 2651 1499 2709 Velletrensis
1524 2654 1691 2726 episeopus,

492 2738 594 2782 r0·⁶⁹¹‘²·
633 2756 790 2809 perennem
808 2740 840 2794 in
858 2740 975 2795 Christo
993 2756 1128 2794 coronam
1156 2742 1186 2791 et
1210 2736 1345 2792 devotam
1370 2737 1501 2792 fidelium
1526 2738 1691 2794 orationum

465 2802 605 2906 ffiffif
633 2825 812 2880 instantiam.
850 2824 933 2893 Quod
950 2824 1064 2895 regiam
1082 2822 1330 2894 magnificentium
1341 2828 1471 2878 vestram
1490 2821 1691 2880 sincerissima

465 2902 557 2948 Fffifloe·
633 2909 785 2966 affectione
821 2908 990 2981 diligamus,
1027 2915 1058 2964 et
1087 2908 1125 2963 ad
1154 2907 1357 2978 exequendum
1387 2907 1528 2978 quicquid
1557 2915 1689 2965 vestrum

633 3001 746 3066 spectat
763 2993 947 3050 commodum
965 3001 995 3049 et
1011 2994 1161 3058 honorem,
1174 2991 1425 3064 promptissimam
1444 3009 1583 3062 geramus
1602 2992 1690 3049 devo·

632 3081 750 3145 tionem,
769 3079 841 3135 licet
857 3079 969 3151 majora
986 3078 1083 3133 desint
1111 3083 1292 3148 argumenta,
1314 3076 1565 3149 qualibuscunque
1590 3083 1690 3134 tamen

631 3163 747 3220 indiciis
766 3164 941 3219 sublimitati
958 3169 1066 3219 vestrae
1084 3163 1230 3217 credimus
1249 3162 1421 3217 innotuisse.
1456 3162 1505 3216 Ad
1522 3162 1578 3216 hoc
1590 3170 1690 3218 autem

631 3250 764 3320 pluribus
782 3247 949 3304 inducimur
967 3247 1073 3312 carreis,
1094 3253 1158 3302 tum
1171 3246 1241 3317 q'uia
1252 3247 1336 3301 velut
1347 3246 1474 3300 naturali
1490 3246 1559 3316 jure
1572 3264 1689 3319 semper

630 3352 682 3389 nos
708 3334 800 3404 regie
825 3332 988 3403 majestatis
1015 3337 1122 3388 vestrm
1149 3331 1321 3402 profitemur
1346 3329 1506 3395 alumnum,
1527 3337 1592 3385 tum
1619 3333 1689 3403 quia

631 3418 824 3473 illustrissimi
844 3417 985 3488 genitoris
1011 3416 1103 3472 vestri
1131 3415 1276 3486 quondam
1299 3415 1376 3469 iuter
1399 3432 1452 3469 nos
1477 3415 1559 3469 favor
1582 3417 1686 3470 exube-

631 3504 717 3558 ravit.
766 3501 853 3557 Unde
884 3519 1000 3572 semper
1030 3501 1093 3555 vita
1136 3499 1241 3554 comite
1278 3498 1363 3555 vobis
1401 3498 1491 3553 etiem
1523 3501 1689 3570 specialiter

631 3594 765 3641 tenemur
783 3587 908 3641 obnoxii.
947 3586 1022 3654 Quia
1039 3585 1133 3654 igitur
1151 3584 1312 3654 plurimum
1338 3583 1374 3637 de
1400 3582 1563 3637 clementia
1580 3592 1686 3639 vestrae

631 3673 727 3741 gretia
739 3672 955 3742 praesumimus,
970 3670 1149 3723 confidenter
1167 3667 1307 3722 audemus
1320 3668 1403 3722 vobis
1423 3686 1595 3739 suggerere,
1610 3671 1686 3742 quod

631 3762 661 3809 et
690 3757 766 3826 apud
793 3756 888 3808 Deum
918 3753 1084 3808 mercedem
1111 3753 1195 3808 vobis
1225 3752 1370 3822 adquirat,
1391 3758 1421 3807 et
1450 3753 1529 3822 opud
1554 3754 1685 3809 homines

463 3843 500 3887 Hc
509 3846 571 3887 must
630 3840 755 3894 nominis
784 3839 874 3893 vestri
901 3838 1025 3908 gloriam
1055 3836 1280 3908 splendidiorem
1307 3837 1420 3890 efficiet.
1469 3836 1624 3892 Credimus
1649 3839 1685 3894 ad

462 3894 618 3988 dli'iclllilfldr-
630 3942 715 3978 aures
728 3925 826 3994 regias
839 3923 1034 3977 calamitatem
1045 3921 1264 3975 Cantauriensis
1277 3920 1417 3985 ecclesian,
1429 3926 1459 3975 et
1468 3924 1685 3991 oppressionem

462 3998 594 4090 ὲξξιζὲῐξξξξ
630 4009 782 4064 reverendi
801 4014 960 4062 conventus
979 4007 1120 4076 ejusdem,
1142 4005 1192 4075 qui
1211 4005 1290 4059 intus
1309 4012 1339 4060 et
1357 4011 1439 4059 extra
1450 4005 1538 4060 rebus
1551 4008 1685 4063 omnibus

462 4099 612 4159 customary,
630 4094 666 4148 ab
685 4093 902 4163 archiepiscopo
921 4108 974 4146 suo
993 4090 1135 4162 spoliatus
1154 4090 1292 4144 extremis
1311 4090 1436 4144 officitur
1463 4091 1601 4157 miseriis,
1621 4112 1685 4164 per·

462 4149 598 4242 ffilffssiow
629 4180 754 4234 venisse.
783 4179 854 4246 Qum
873 4178 898 4232 si
917 4177 1033 4247 plenius
1045 4174 1128 4230 vobis
1147 4175 1346 4238 innotuerunt,
1366 4192 1401 4229 eo
1420 4175 1531 4230 certius
1543 4177 1684 4233 habemus

463 4249 553 4294 imm*
631 4282 684 4320 vos
712 4263 850 4324 doluisse,
884 4280 941 4331 quo
980 4276 1123 4330 generosa
1152 4276 1258 4329 rogum
1288 4259 1469 4313 Francorum
1500 4263 1684 4317 successione

629 4350 713 4404 velut
730 4346 916 4402 haereditorio
940 4345 1008 4416 jure
1033 4344 1216 4398 transfusum
1242 4349 1287 4398 cst
1314 4344 1344 4397 in
1372 4361 1433 4408 vos,
1455 4349 1488 4397 ut
1513 4362 1630 4416 semper
1653 4348 1683 4400 in

629 4433 833 4489 afflictionibus
864 4431 1005 4483 bonorum
1035 4426 1240 4483 misericordes
1271 4428 1382 4497 geratis
1413 4428 1535 4492 animos,
1562 4439 1593 4483 et
1617 4448 1682 4485 cum

629 4519 763 4572 omnibus
783 4515 949 4569 hominibus
968 4511 1152 4567 invincibiles
1175 4512 1249 4575 sitis,
1270 4531 1287 4565 u
1306 4512 1367 4566 sola
1384 4512 1494 4582 pietate
1514 4513 1682 4569 vincamini.

461 4604 500 4666 He,
507 4604 559 4647 osks
568 4606 615 4647 him
628 4604 701 4656 Inde
721 4609 767 4655 cst
784 4601 862 4672 quod
881 4616 946 4653 cum
959 4599 1089 4667 praefatoe
1101 4596 1233 4651 ecclcsiae
1246 4596 1396 4660 fratribus,
1410 4597 1502 4664 regie
1520 4598 1682 4667 majestatis

460 4658 610 4748 pgrrppcpietepo
628 4688 750 4759 pedibus
778 4684 890 4755 profusi
916 4699 973 4752 quc
991 4680 1133 4734 humilius
1158 4698 1323 4752 possumus,
1344 4680 1554 4750 supplicamus,
1574 4690 1609 4737 ut
1631 4701 1684 4754 pro

460 4756 599 4859 {iffffl‘ffl
628 4790 727 4828 amere
746 4771 802 4824 Dei
821 4776 851 4823 et
868 4766 1021 4822 reverendi
1040 4764 1180 4835 martyris
1199 4765 1318 4819 Thomas
1338 4770 1426 4835 atque
1438 4770 1547 4820 nostrae
1565 4767 1684 4821 humili·

565 4840 571 4851 ’
628 4859 707 4920 totis,
723 4855 773 4926 qui
786 4852 877 4909 vostri
895 4852 1012 4922 penitus
1032 4867 1144 4914 sumus,
1164 4867 1217 4920 pro
1236 4850 1330 4905 salute
1350 4849 1440 4903 etiam
1458 4851 1564 4905 animm
1577 4858 1683 4908 vestrm

628 4941 714 4995 simul
735 4946 765 4991 et
782 4939 862 5005 regis
882 4933 1075 4989 illustrissimi
1102 4934 1298 5003 progenitoris
1326 4935 1427 4997 vestri,
1449 4936 1499 5004 qui
1528 4940 1680 5006 praefatum

627 5027 796 5086 rnartyrcm,
816 5005 968 5086 ipsumque
987 5016 1140 5070 eeclesiam
1159 5017 1278 5087 speciali
1298 5035 1396 5070 amoro
1427 5018 1531 5076 dilexit
1549 5028 1579 5074 et
1597 5024 1679 5086 fovit,

627 5105 720 5157 emico
752 5107 847 5155 vestre
875 5101 991 5154 domino
1016 5101 1179 5169 Anglcrum
1207 5102 1272 5170 regi
1301 5102 1446 5166 scribatis,
1468 5110 1497 5158 et
1522 5105 1680 5175 diligenter·
