4192 6392
629 1159 694 1226 536
911 1175 1084 1226 sersroan
1107 1174 1395 1237 clarummane,

479 1352 602 1405 lunae
630 1344 734 1416 primis
752 1350 783 1400 et
805 1344 971 1416 precipuis,
991 1362 1058 1399 oum
1076 1349 1195 1399 ventum
1216 1344 1307 1398 fuerit
1332 1342 1370 1398 ad
1392 1342 1580 1398 electionem
1599 1342 1699 1398 archi·

460 1415 599 1521 ξξῦἓῇοή
631 1428 769 1499 episcopi,
782 1428 863 1500 prior
882 1428 989 1499 eliget;
1009 1428 1062 1483 sed
1081 1425 1246 1500 quomodo?
1282 1424 1349 1482 Noir
1366 1425 1485 1482 dicetur
1505 1427 1646 1499 elegisse
1664 1432 1698 1481 nt

464 1518 601 1567 mouvssl
630 1513 711 1583 prior
729 1512 959 1578 cantuariensis,
973 1512 1025 1566 sed
1045 1518 1080 1567 ut
1097 1512 1253 1567 canonicus
1272 1510 1309 1565 de
1326 1511 1466 1566 Lemhee.
1496 1510 1590 1581 Quod
1609 1512 1639 1566 si
1656 1510 1695 1566 de

464 1569 608 1672 ffiss‘ih,
630 1595 696 1666 ipsa
713 1595 837 1650 ecclesia
860 1601 891 1650 et
914 1595 946 1649 in
971 1595 1036 1665 ipsa
1063 1594 1186 1649 ecclesia
1212 1594 1341 1666 eligatur
1364 1593 1614 1666 archiepiscopus
1640 1611 1693 1665 per

464 1672 583 1713 ΝΟΜ
631 1679 758 1750 priorem
776 1678 955 1742 canonicum,
973 1695 1068 1732 nonne
1086 1677 1240 1734 vendicare
1263 1684 1401 1748 poterunt
1419 1676 1478 1731 sibi
1496 1676 1690 1742 electionem,

464 1720 520 1762 tuhe
589 1720 615 1762 ln

464 1769 505 1813 the
582 1780 620 1813 on.
631 1768 733 1833 utpote
751 1761 788 1816 de
805 1761 942 1816 canonico
960 1778 1014 1814 suo
1031 1767 1063 1816 et
1073 1778 1126 1832 per
1144 1761 1314 1816 canonicum
1332 1777 1419 1815 snum
1431 1758 1568 1816 iactam?
1596 1759 1688 1825 Item,

631 1863 700 1901 cum
710 1845 790 1916 prior
807 1845 897 1899 fuerit
914 1845 1069 1899 canonicus
1087 1844 1315 1916 prebendarius,
1329 1861 1423 1900 nonne
1441 1841 1557 1898 decano
1568 1849 1601 1898 et
1613 1861 1688 1916 pre·

631 1930 727 2000 posito
745 1928 892 1999 subjectus
905 1928 971 1991 erit,
991 1934 1021 1982 et
1038 1927 1233 1983 obedientiam
1253 1934 1376 1999 cogetur
1394 1925 1546 1992 exhibere,
1568 1928 1686 1984 ratione

632 2012 774 2075 beneficii,
794 2017 846 2066 ant
862 2013 1034 2067 renunciare
1052 2011 1214 2068 beneficio?

465 2091 582 2136 ltvtllbe
667 2096 753 2158 Item,
773 2095 798 2149 si
829 2096 1027 2151 controversia
1056 2096 1133 2152 inter
1163 2095 1414 2167 archiepiscopum
1444 2100 1476 2150 et
1505 2095 1684 2152 canonicum

465 2194 490 2234 ta
525 2155 611 2236 euch·
631 2179 760 2249 aliquem
777 2178 826 2233 vel
843 2178 957 2249 aliquos
982 2186 1047 2235 orta
1066 2179 1166 2244 suerit,
1186 2181 1250 2234 sive
1275 2178 1454 2234 excesserint
1478 2183 1584 2233 contro
1602 2196 1681 2242 eum,

464 2241 563 2336 m,
631 2262 774 2331 numquid
800 2262 982 2317 satisfacient
1005 2264 1033 2318 a
1059 2263 1118 2318 nist
1144 2263 1175 2317 in
1202 2263 1265 2317 soro
1291 2279 1353 2327 suo,
1373 2262 1404 2317 id
1425 2268 1480 2326 esa,
1499 2262 1534 2316 in
1551 2261 1683 2333 capitulo

630 2346 759 2417 proprio,
785 2346 900 2416 eritque
927 2346 1163 2418 archiepiscopus
1182 2363 1285 2400 eorum
1305 2345 1418 2417 judicio
1434 2363 1504 2400 cum
1528 2345 1682 2416 collegiati

630 2429 740 2485 fuerint
757 2431 906 2495 obnoxius,
926 2449 999 2501 quos
1012 2437 1098 2486 antea
1114 2431 1211 2501 potuit
1221 2448 1275 2502 pro
1286 2430 1374 2485 libitu
1392 2446 1444 2484 suo
1456 2429 1521 2484 sive
1534 2429 1682 2500 deponere

630 2514 693 2570 sive
711 2514 903 2585 promovere?
939 2514 998 2569 Sed
1016 2520 1046 2569 et
1057 2515 1139 2586 prins
1158 2515 1254 2586 potnit
1270 2515 1323 2569 uni
1340 2514 1439 2586 plnres
1457 2512 1600 2568 ecclesias
1613 2530 1680 2569 oon·

630 2598 717 2662 ferre,
736 2616 813 2652 nnnc
833 2598 876 2652 ita
892 2604 1021 2653 arctatus
1040 2599 1098 2652 erit
1115 2598 1193 2669 qnod
1210 2616 1269 2653 non
1285 2599 1394 2670 poterit
1413 2595 1472 2651 nisi
1490 2597 1631 2667 singulis,
1651 2603 1682 2653 et

630 2682 684 2736 hoc
702 2681 800 2736 forsan
818 2679 854 2734 do
873 2698 1014 2735 consensu
1032 2681 1164 2753 capituli,
1184 2681 1347 2753 quiaillud
1374 2680 1410 2735 de
1434 2679 1515 2735 sacili
1540 2682 1680 2751 impetra·

629 2765 711 2829 bunt,
731 2763 862 2835 singulas
881 2765 1023 2820 conferre.

463 2846 598 2902 Ittbektng
664 2849 750 2912 Item,
764 2848 790 2902 si
801 2865 862 2911 rex,
876 2853 941 2902 orta
957 2847 1104 2902 discordia
1121 2847 1198 2902 inter
1217 2865 1286 2902 enm
1303 2854 1334 2903 et
1351 2847 1616 2918 archiepiscopum,
1630 2847 1680 2902 vel

461 2897 615 3000 iiimciffil
629 2939 749 2987 vacante
762 2931 840 2994 sede,
860 2932 1001 3002 depositis
1022 2931 1148 2996 clericis,
1169 2932 1321 2987 canonicos
1340 2931 1502 3002 regulares,
1514 2931 1565 2985 vel
1577 2949 1680 2986 mone·

460 2998 602 3094 {hffiffi
628 3016 697 3071 ahos
723 3021 774 3071 aut
797 3015 927 3086 aliquam
951 3014 1126 3085 religionem
1144 3014 1185 3069 ibi
1209 3015 1381 3078 instituerit,
1400 3012 1494 3069 nonne
1512 3013 1614 3069 clerici
1633 3031 1680 3069 re·

460 3099 586 3192 {091311110
627 3089 768 3171 petente
793 3097 941 3152 monachis
968 3098 1228 3153 Centuariensibus
1255 3098 1428 3161 necessarie,
1453 3102 1596 3167 tunquam
1618 3097 1680 3170 ipsi

470 3154 516 3193 οη
532 3162 577 3195 ⁹¹³⁶
627 3182 732 3254 quide
757 3181 861 3237 alterio
884 3181 1089 3236 Cantumiensi
1116 3188 1186 3237 sunt
1206 3182 1309 3252 jurati,
1329 3188 1360 3237 et
1377 3179 1542 3236 intitulati?
1578 3179 1680 3236 Villss

626 3282 698 3337 ergo
709 3264 916 3320 monachorum
934 3265 1081 3336 oportebit
1092 3264 1135 3320 eis
1148 3265 1309 3337 assignare,
1323 3265 1371 3320 vel
1383 3265 1426 3319 eis
1438 3281 1473 3318 ex
1484 3269 1547 3318 toto
1560 3263 1678 3319 cedere.

460 3354 579 3399 rhemu-
662 3349 748 3413 Item,
767 3365 835 3402 cum
852 3348 893 3402 ibi
912 3354 956 3403 tot
974 3354 1004 3403 et
1020 3349 1098 3404 tanti
1116 3349 1226 3404 suerint
1244 3348 1344 3404 clerici
1363 3347 1506 3418 episcopis
1531 3347 1680 3402 consoede-

459 3405 606 3501 imm,
626 3434 694 3498 rati,
712 3433 878 3488 litterarum
904 3432 1027 3487 seientia
1055 3438 1085 3487 et
1108 3432 1261 3487 nobilitate
1286 3433 1405 3502 generis
1430 3431 1555 3495 subnixi,
1582 3449 1681 3486 nonne

461 3507 569 3598 fflffi
627 3516 735 3586 poterit
752 3516 789 3570 de
807 3516 885 3569 facili
898 3517 975 3571 inter
993 3516 1244 3586 archiepiscopum
1262 3522 1292 3571 et
1304 3534 1353 3571 eos
1366 3516 1404 3571 lis
1421 3515 1522 3585 gravis
1540 3521 1572 3569 et
1589 3516 1681 3586 longe

461 3607 595 3649 conductor
628 3600 745 3663 oboriri,
766 3606 796 3653 et
816 3601 872 3670 ipsi
892 3617 1022 3669 quaerere
1045 3600 1305 3670 emancipationem
1324 3619 1381 3654 non
1400 3600 1493 3654 solum
1513 3617 1531 3652 a
1549 3598 1681 3653 Centua·

461 3656 594 3749 ssffii‘fm
628 3683 718 3735 riensi
736 3684 868 3746 ecclesia,
889 3683 1046 3737 sedetiam
1069 3702 1086 3737 a
1106 3683 1309 3738 Cantuariensi
1328 3685 1546 3754 archiepiscopo
1568 3684 1679 3753 inper-

627 3772 757 3834 petuum,
778 3773 807 3820 et
824 3768 921 3836 ipsum
940 3767 975 3820 ab
994 3768 1036 3820 eis
1065 3774 1094 3821 et
1120 3785 1172 3836 per
1199 3785 1248 3821 eos
1274 3769 1405 3838 graviter
1428 3766 1550 3821 vexari?
1588 3767 1678 3820 Teste

628 3849 804 3902 Eboraoensi
818 3849 966 3914 Guulrido,
983 3851 1033 3920 qui
1052 3851 1137 3904 modo
1150 3851 1297 3921 praesidet,
1312 3869 1330 3905 a
1347 3850 1520 3906 tenementis
1539 3850 1678 3903 omnibus

628 3932 777 4000 expulsus,
799 3951 866 3986 cum
885 3934 924 3987 sit
942 3935 1031 3988 etiam
1051 3935 1141 3988 frater
1159 3935 1249 4004 regis.

463 4030 612 4074 Haemona
664 4014 750 4079 Item,
771 4017 909 4086 frequens
928 4024 973 4071 est
999 4019 1075 4072 inter
1096 4036 1198 4088 regem
1225 4026 1254 4073 et
1279 4020 1531 4089 arehiepiscopum
1550 4017 1678 4071 Contun-

462 4081 581 4184 fffiffiff}
629 4098 754 4152 rieusom
773 4099 843 4153 oriri
863 4099 1033 4154 discordias.
1075 4101 1106 4155 Si
1126 4103 1201 4156 forte
1220 4109 1284 4157 orta
1302 4105 1400 4167 fuerit,
1421 4121 1472 4157 rex
1490 4102 1526 4156 de
1546 4101 1628 4155 sacili
1647 4102 1677 4154 in

463 4183 617 4276 Lffisgflthpgp
629 4182 728 4235 odium
746 4181 964 4252 archiepiscopi,
979 4190 1008 4236 et
1028 4189 1062 4236 ut
1080 4185 1164 4253 quasi
1184 4185 1320 4239 baculum
1339 4192 1470 4240 conterat
1490 4186 1520 4238 in
1533 4203 1592 4256 quo
1611 4202 1678 4240 cen-

463 4265 574 4336 taching.
629 4266 702 4330 fidit,
734 4266 853 4319 clericos
881 4266 987 4335 ejiciet,
1019 4273 1049 4320 et
1078 4267 1233 4336 religiosos
1261 4269 1407 4339 quoslibet
1431 4269 1608 4331 introducet,
1629 4267 1677 4321 vel

629 4351 717 4404 etiam
743 4350 915 4404 clericorum
941 4350 1035 4420 culpis
1062 4350 1093 4403 id
1118 4353 1312 4420 exigentibus,
1341 4360 1371 4407 et
1401 4355 1442 4408 ita
1469 4354 1576 4424 poterit
1601 4353 1676 4409 Cen·

628 4436 784 4489 tnariensis
808 4435 989 4489 donationem
1014 4435 1204 4490 eeclesiarum
1232 4438 1375 4501 amittere,
1397 4444 1426 4492 et
1452 4438 1591 4507 laqueum
1620 4437 1676 4490 sibi

628 4519 685 4588 ipsi
704 4519 854 4572 fabricare.
892 4519 978 4573 Teste
996 4519 1145 4573 Willelmo
1163 4521 1389 4592 archiepiscope,
1411 4522 1461 4591 qui
1481 4521 1551 4575 feeit
1568 4521 1676 4574 turrim

476 4600 505 4641 ΥΟ·
514 4603 552 4642 140
560 4602 600 4642 v⁰.¹
629 4602 793 4656 Roffensem
812 4603 937 4672 propriis
957 4604 1132 4673 sumptibus,
1153 4604 1205 4657 sed
1223 4607 1328 4658 saetam
1347 4623 1398 4658 rex
1416 4607 1443 4658 ei
1462 4605 1594 4658 abstulit.

461 4673 588 4776 Rikina
666 4686 698 4740 Si
722 4685 869 4739 discordie
895 4693 958 4740 orta
983 4686 1074 4740 fuerit
1099 4687 1294 4758 interregem
1315 4696 1345 4744 et
1363 4690 1626 4760 archiepiscopum,
1647 4698 1677 4746 et

664 4875 670 4903 ¹
689 4873 744 4922 The
767 4873 848 4922 whole
871 4874 900 4920 of
919 4872 961 4921 the
980 4887 1078 4922 reverse
1101 4874 1131 4921 oi
1176 4884 1230 4923 true
1245 4877 1356 4942 reading.
1390 4878 1420 4926 In
1432 4894 1479 4927 oue
1491 4893 1520 4927 or
1531 4886 1581 4927 two
1592 4880 1677 4943 places

629 4953 688 5002 solio
708 4958 754 5002 140
771 4953 895 5001 hasbeen
913 4952 1023 5011 deieced,
1040 4954 1089 5001 end
1106 4951 1126 5000 it
1175 4954 1294 5004 Ioannot
1304 4958 1335 5006 be
1346 4957 1415 5021 quite
1427 4957 1523 5007 certain
1538 4959 1616 5008 about
1633 4960 1677 5008 the

629 5036 652 5084 is
663 5035 723 5099 only
735 5035 796 5083 with
808 5050 869 5098 very
881 5042 952 5099 great
964 5035 1060 5084 trouble
1072 5035 1126 5083 that
1175 5035 1287 5099 reading.

629 5118 642 5166 l
664 5118 727 5166 have
750 5119 812 5167 been
836 5117 891 5167 able
913 5126 940 5166 to
959 5131 1061 5166 recorer
1082 5118 1124 5166 the
