4192 6392
756 1201 916 1249 TEMPORE
938 1197 1143 1249 mausum.
1432 1186 1474 1246 25

411 1376 616 1449 praecipimus,
638 1378 783 1445 quatenus
802 1373 827 1428 si
846 1377 1024 1427 memoratus
1052 1372 1289 1444 archiepiscopus
1309 1372 1387 1427 infra
1404 1390 1477 1444 prae·
1508 1378 1633 1424 alanos.

413 1461 562 1532 scriptum
588 1459 750 1514 terminum
777 1457 883 1527 exequi
901 1455 1052 1512 distulerit
1079 1457 1158 1527 quod
1175 1456 1357 1521 mandamus,
1376 1473 1429 1511 vos
1448 1456 1480 1511 id
1492 1429 1638 1536 fflffi,

414 1543 500 1600 omni
517 1542 656 1598 fflauone
684 1548 715 1596 et
741 1540 935 1612 appellatione
961 1540 1124 1610 postposita
1142 1541 1305 1595 executioni
1323 1539 1477 1603 mandetis,
1491 1541 1636 1635 guppptqlp

416 1627 511 1682 nullis
528 1626 636 1681 litteris
655 1624 775 1679 veritati
793 1629 824 1678 et
838 1623 963 1692 justitiae
981 1623 1252 1694 praejudicantibus,
1268 1624 1293 1678 si
1307 1642 1372 1699 quae
1391 1641 1478 1696 appa·
1491 1604 1638 1686 aad&

416 1712 537 1768 ruerint
560 1710 597 1765 ab
624 1709 786 1780 apostolica
813 1706 881 1762 sede
909 1707 1083 1778 impetratae.
1130 1707 1213 1776 Quod
1244 1708 1269 1762 si
1302 1726 1402 1762 omnes
1432 1707 1479 1761 his
1492 1693 1621 1786 {ffiffl

417 1794 599 1865 exequendis
617 1792 810 1864 nequiveritis
836 1791 988 1855 interesse,
1008 1791 1067 1845 duo
1085 1798 1217 1848 vestrum
1236 1809 1271 1846 ea
1289 1792 1480 1846 nihilominus
1492 1793 1554 1837 oste.

418 1884 611 1949 exequantur.
648 1876 759 1931 Datum
776 1874 902 1932 Veronae
920 1873 979 1928 kal.
999 1874 1111 1930 Martii.

560 2129 709 2187 XXVIII.
748 2129 872 2184 Uasaso
893 2143 970 2182 rara
989 2129 1051 2183 Ono
1070 2143 1160 2182 susis
1178 2144 1214 2183 ns
1234 2129 1338 2182 Bane.
1514 2129 1637 2232 efflet.

460 2259 632 2318 Reverendo
661 2260 739 2332 patri
769 2266 799 2314 et
829 2258 945 2313 domino
974 2257 1104 2322 Urbano,
1143 2257 1199 2313 Dei
1230 2259 1337 2330 gratia,
1368 2277 1482 2314 summo

422 2345 565 2420 pontifici,
589 2343 653 2400 Ode
678 2343 774 2399 dictus
800 2343 889 2397 abbas
918 2341 954 2396 de
982 2341 1077 2405 Belle,
1099 2342 1224 2397 salutem
1252 2349 1282 2398 et
1308 2361 1340 2397 se
1367 2360 1483 2414 semper

422 2429 546 2487 obedire
564 2435 709 2500 paratum.

460 2513 608 2584 Praecepit
634 2513 773 2567 sanctitas
800 2517 898 2565 vestra
925 2509 962 2565 de
981 2511 1162 2566 Faversham
1191 2518 1221 2567 et
1246 2511 1346 2567 Sancti
1364 2512 1483 2584 Augus·
1496 2511 1625 2607 ffihffibgl

423 2599 483 2656 tini
501 2595 655 2652 abbatibus
673 2613 742 2651 cum
768 2593 875 2667 quibus
895 2600 925 2648 ct
953 2611 1027 2649 mere
1045 2596 1185 2665 parvitati
1203 2596 1333 2668 apicibus
1352 2595 1482 2659 ducetis,
1496 2612 1602 2657 ssim.

425 2688 573 2754 quatenus
603 2652 776 2735 sententiani
803 2677 1003 2750 suspensionis
1032 2679 1062 2732 in
1088 2680 1217 2750 priorem
1243 2679 1484 2735 Cantuariensem
1496 2663 1624 2766 ξξξζξξξ

423 2776 457 2822 et
485 2765 590 2819 iratres
617 2780 636 2817 a
653 2761 769 2818 domino
795 2761 1016 2832 archiepiscopo
1041 2769 1108 2834 post
1132 2762 1359 2834 appellationem
1377 2761 1415 2817 ad
1432 2764 1625 2857 mssffl'g'
1689 2810 1692 2815 .

425 2849 641 2921 interpositam,
658 2846 885 2919 promulgatam,
905 2846 1021 2917 publice
1041 2845 1280 2901 denunciaremus
1298 2864 1356 2901 non
1373 2853 1482 2912 tenere,
1509 2864 1553 2906 rso.
1608 2846 1615 2858 ¹

425 2932 508 2989 omni
526 2931 664 2986 dilatione
683 2936 713 2985 ct
731 2930 925 3000 appellatione
953 2930 1123 3002 postposita,
1145 2929 1170 2986 si
1188 2931 1220 2984 id
1238 2929 1372 2985 domiuus
1391 2929 1485 2985 archi·
1541 2913 1603 2965 ml

425 3017 594 3090 episcopus,
609 3015 657 3070 cui
675 3014 753 3068 idem
772 3014 974 3086 injunxeratis,
990 3014 1066 3070 infra
1084 3014 1185 3070 decem
1203 3015 1266 3070 dies
1284 3021 1350 3085 post
1368 3031 1485 3085 suscep·

426 3102 539 3158 tionem
564 3098 731 3154 litterarum
751 3104 916 3153 vestrarum
942 3116 1000 3153 non
1025 3099 1143 3154 faceret.
1183 3098 1294 3167 Quibus
1323 3099 1431 3170 elapsis
1456 3103 1633 3152 etAtthsend

426 3184 524 3241 adhuc
551 3183 658 3238 inlecto
688 3181 766 3254 quod
783 3180 954 3245 mandastis,
987 3183 1065 3237 sicut
1100 3183 1172 3237 alias
1204 3183 1350 3238 sanctitati
1380 3187 1486 3237 vestre
1498 3156 1647 3251 ffiiissfil

427 3269 670 3341 significavimus,
698 3267 818 3322 directis
844 3265 940 3320 tribus
967 3266 1004 3319 ud
1032 3284 1099 3320 eum
1126 3267 1275 3322 monachia
1304 3267 1392 3321 etiam
1417 3271 1486 3320 tunc
1499 3257 1567 3350 gfff
1584 3310 1627 3352 not

428 3370 498 3408 cum
517 3356 645 3423 potestas
658 3349 722 3421 ejus
741 3350 772 3403 in
789 3350 845 3404 hac
862 3355 946 3420 parte
958 3348 1109 3404 rideretur
1129 3350 1302 3421 exspirasse,
1316 3366 1487 3420 rogavimus
1499 3360 1649 3408 semesam

430 3440 576 3507 quatenus
601 3433 770 3488 mundatum
797 3438 929 3486 vestrum
957 3432 1020 3503 ipse
1048 3432 1217 3502 compleret,
1238 3432 1369 3502 alioquin
1386 3449 1438 3487 nos
1457 3408 1652 3502 inssffissffim

429 3520 497 3590 ejus
522 3518 690 3573 executione
719 3521 818 3586 utpote
846 3515 1014 3571 obedientes
1042 3534 1099 3570 non
1125 3534 1209 3587 posse
1235 3534 1293 3572 non
1320 3515 1486 3586 procedere.
1500 3511 1624 3604 3¹3⁹*

432 3602 635 3657 Redeuntibns
655 3599 705 3671 qui
724 3600 807 3655 missi
827 3601 952 3665 luerent,
968 3599 1045 3654 etde
1058 3600 1244 3671 adimplendo
1263 3600 1341 3671 quod
1355 3599 1488 3671 jussistis
1558 3592 1563 3604 ’

430 3686 507 3741 nihil
526 3686 599 3741 certi
616 3684 843 3755 reportantibus,
861 3684 946 3754 justa
974 3684 1097 3738 formam
1116 3685 1246 3740 mandati
1264 3685 1356 3740 vestri
1374 3684 1411 3739 ed
1426 3683 1489 3755 jam

431 3771 580 3826 dictorum
593 3769 717 3822 fratrum
729 3768 901 3822 instantiam
913 3767 1155 3824 denunciavimus
1168 3769 1283 3838 publice
1297 3768 1470 3824 sententiam
1482 3767 1488 3795 ¹
1516 3782 1591 3835 (April
1602 3786 1642 3825 ιω

433 3863 501 3925 post
519 3852 743 3924 appellationem
770 3849 808 3905 ad
825 3869 877 3905 vos
905 3851 1119 3923 interpositam,
1140 3852 1171 3905 in
1190 3853 1318 3924 priorem
1336 3858 1365 3906 et
1383 3852 1489 3906 fratres
1503 3856 1628 3900 munan-

432 3936 649 4009 promulgatam
668 3952 726 3989 non
743 3940 859 3998 tenerc;
880 3935 1029 3989 monachis
1055 3935 1127 4005 ipsis
1148 3935 1325 3990 sufficienter
1344 3933 1489 3989 edocenti·
1502 3919 1658 4009 ffiffiw,

432 4023 489 4075 bus
509 4018 682 4074 sententiam
701 4019 796 4088 ipsam
814 4024 881 4089 post
904 4019 1130 4089 appellationem
1148 4018 1300 4088 prolatam.
1339 4018 1395 4086 Qui
1423 4035 1489 4073 cum
1502 4007 1655 4102 flffiutssffgle

432 4105 469 4158 (le
498 4101 598 4157 multis
625 4107 826 4173 quererentur,
855 4102 913 4156 alia
940 4102 971 4155 in
995 4101 1103 4156 litteris
1129 4103 1236 4157 vestris
1256 4109 1400 4165 contente,
1422 4101 1490 4173 quia
1502 4109 1593 4160 sauna
1601 4108 1644 4152 tto

436 4187 576 4259 ambigue
595 4185 674 4241 dicta
692 4184 876 4251 videbantur,
897 4184 934 4239 ad
953 4185 1160 4241 discretionem
1177 4193 1305 4241 vestram
1325 4186 1489 4242 retulimus.
1501 4159 1612 4259 iffi&
1601 4190 1635 4252 13.

433 4274 582 4326 Ueterum
600 4269 750 4339 aliquanto
768 4275 899 4340 tempore
924 4269 1088 4340 interjecto,
1105 4269 1168 4338 jam
1188 4270 1259 4324 dicti
1278 4268 1490 4340 archicpiscopi
1502 4258 1660 4362 {mmm

432 4355 545 4417 clerici,
559 4354 702 4424 magister
724 4352 764 4405 Η.
788 4351 887 4422 Pigun
906 4358 935 4406 et
953 4352 1096 4423 magister
1110 4352 1261 4417 Silvester,
1276 4371 1322 4408 nie
1344 4359 1491 4407 contume·
1503 4370 1660 4415 rhemnona

434 4439 485 4494 liis
504 4444 534 4493 et
552 4437 639 4491 minis
658 4435 826 4500 affecerunt,
846 4452 903 4489 non
925 4436 1012 4491 aliter·
1030 4436 1225 4491 obedientiam
1252 4454 1339 4507 quam
1365 4435 1490 4507 paterni·
1504 4421 1661 4515 {³312ssss

433 4522 487 4578 tati
507 4528 612 4577 vestrae
631 4520 748 4574 exhibui
767 4521 930 4590 punientes,
952 4538 1040 4590 quam
1060 4519 1200 4575 deberent
1218 4521 1243 4575 si
1262 4526 1492 4592 contemptorem
1504 4522 1562 4565 stou.

434 4604 683 4677 comprobassent.
721 4602 783 4656 Alii
803 4603 892 4658 ctiam
911 4602 968 4657 duo
994 4603 1127 4673 ejusdem
1154 4605 1366 4676 archiepiscopi
1392 4604 1491 4659 clerici

437 4709 484 4745 me
510 4694 612 4761 postea
636 4693 756 4759 propter
777 4685 899 4741 eandem
925 4705 1042 4742 causam
1068 4687 1296 4757 appellaverunt.
1335 4690 1408 4745 Hoec
1426 4689 1492 4744 ideo

907 4840 1124 4846 -—-.-.-.-
1152 4839 1198 4846 ..»
1225 4840 1280 4847 ...-

471 4941 554 4993 'The
581 4942 714 4993 aecanos
749 4956 803 4992 was
831 4943 941 5007 promul·
993 4942 1069 5007 April
1083 4943 1148 4993 llth.
1179 4942 1491 5012 Tbemonthisvrongly

433 5020 760 5089 gstcdoutheeighteentlr
768 5021 942 5087 dayanerthc
992 5020 1092 5087 printed
1108 5021 1136 5072 in
1154 5022 1277 5083 Gervase,
1297 5027 1369 5085 149⁴,
1385 5038 1413 5074 as
1430 5023 1494 5076 Feb·

432 5099 565 5166 receptior
589 5100 620 5149 οἰ
642 5100 685 5150 the
710 5100 786 5164 papal
814 5100 941 5161 mandate,
993 5115 1077 5166 musy.
