4192 6392
606 1123 648 1183 tl
884 1133 1059 1182 srrsronn
1083 1131 1375 1191 esurussmusus

456 1396 578 1492 ffltlt.
614 1389 745 1445 XXVII.
783 1390 860 1445 Iesu
878 1405 1091 1528 lursmarin
1109 1390 1270 1504 Bsuqlnn
1288 1388 1465 1443 Fsvsasuau
1483 1403 1518 1442 ur
1537 1387 1647 1444 Sinon

565 1478 572 1491 '
1068 1487 1211 1528 ucusruu.

641 1625 777 1680 Urbanus
804 1625 967 1696 episcopus,
988 1642 1093 1679 servus
1119 1641 1270 1679 servornm
1288 1623 1354 1688 Dei,
1374 1622 1491 1679 dilectis
1516 1624 1586 1679 filiis
1614 1625 1657 1679 de

606 1708 699 1773 Bello,
713 1708 749 1763 de
762 1709 941 1764 Faversham
959 1714 990 1763 et
1002 1707 1103 1763 Sancti
1120 1708 1281 1779 Augustini
1299 1707 1462 1772 abbatibus,
1477 1707 1603 1763 salutem
1620 1715 1657 1764 et

605 1793 793 1865 apostolicam
811 1791 1053 1847 benedictionem.

438 1883 554 1938 merope
640 1876 769 1932 Veniens
795 1875 833 1931 sd
857 1875 1045 1945 apostolicam
1071 1874 1171 1930 sedem
1196 1873 1320 1930 dilectus
1339 1875 1417 1930 filius
1443 1879 1543 1929 noster
1570 1873 1653 1944 prior

436 1936 554 2030 m
606 1960 825 2017 Centaurionsis
843 1959 975 2015 ecclesias
999 1977 1067 2014 cum
1085 1958 1260 2031 quibusdam
1284 1977 1318 2013 ex
1338 1959 1477 2013 fratribus
1496 1958 1567 2022 suis,
1587 1956 1656 2011 dili·

437 2037 575 2138 ffiffi
606 2046 689 2116 genti
706 2045 789 2099 nobis
815 2043 1009 2098 insinuatione
1034 2042 1217 2107 mustravit,
1238 2042 1317 2113 quod
1344 2060 1362 2096 a
1378 2042 1538 2098 venerabili
1563 2043 1656 2098 frana

605 2135 705 2184 nostro
723 2129 758 2182 B.
779 2127 985 2183 cantuariensi
1009 2126 1237 2197 archiepiscopo,
1257 2126 1423 2197 apostolicae
1447 2126 1525 2182 sedis
1543 2125 1653 2196 legato,

604 2219 671 2284 post
700 2212 910 2283 promotionem
942 2228 1026 2265 snam
1062 2211 1192 2265 enormia
1227 2211 1398 2281 gravamina
1428 2211 1487 2266 sint
1520 2210 1654 2280 perpessi

604 2303 635 2352 et
653 2296 783 2368 quotidie
809 2295 972 2351 sustineant
997 2295 1144 2366 graviora.
1182 2293 1241 2348 Pro
1266 2294 1373 2366 quibus
1400 2311 1468 2353 enm
1492 2291 1649 2348 adsedem

605 2381 794 2451 apostolicam
830 2378 1036 2451 appellassent,
1068 2377 1251 2432 Dominioam
1288 2396 1346 2448 qna
1379 2384 1513 2444 cantatur
1541 2378 1655 2432 natare

464 2460 570 2515 (Μ)
605 2463 766 2519 Jerusalem
783 2462 941 2517 terminum
959 2461 1154 2532 praefigentes,
1172 2461 1251 2516 idem
1270 2462 1507 2534 archiepiscopus
1525 2461 1654 2532 appella-

437 2549 533 2593 mutuo
605 2547 679 2601 tioni
696 2565 754 2601 non
771 2546 914 2608 deferens,
934 2545 966 2599 in
992 2545 1161 2600 executione
1185 2545 1278 2616 ipsius
1297 2545 1442 2616 quendam
1460 2563 1495 2601 ex
1513 2544 1655 2601 fratribus

437 2601 582 2714 ffiffi.
607 2629 767 2703 suspendit,
799 2629 851 2701 qui
886 2630 975 2683 etiam
1011 2628 1196 2700 postmodum
1232 2627 1268 2683 de
1303 2636 1448 2701 praecepto
1478 2646 1540 2694 suc,
1572 2629 1652 2684 sicut

436 2700 526 2754 ΜΡ·
606 2714 724 2779 dicitur,
744 2715 780 2768 ab
798 2714 863 2786 ipsa
880 2713 1005 2768 ecclesia
1022 2720 1069 2769 est
1085 2719 1225 2768 remotus.
1263 2712 1336 2768 Post
1356 2713 1478 2767 eandem
1496 2714 1584 2768 etiam
1603 2731 1656 2785 ap·

605 2798 803 2870 pollutionem,
822 2798 893 2852 licet
918 2796 998 2868 prior
1017 2803 1047 2852 et
1073 2797 1179 2852 fratres
1199 2814 1230 2851 se
1255 2804 1285 2851 et
1312 2815 1365 2851 sua
1391 2798 1445 2852 sub
1469 2798 1650 2867 protectione

606 2881 764 2952 apostolica
781 2880 939 2953 posuerint,
959 2880 1150 2935 nihilominus
1175 2880 1303 2952 priorem
1328 2881 1489 2951 suspendit,
1510 2881 1652 2952 objiciens

606 2967 634 3020 ei
653 2965 730 3037 quod
748 2983 839 3019 unum
857 2982 893 3019 ex
905 2964 1044 3019 fratribus
1065 2964 1126 3019 suis
1144 2963 1182 3019 ed
1199 2965 1386 3036 praesentiam
1403 2969 1530 3021 nostram
1548 2966 1652 3019 venire

605 3049 750 3120 permisit,
771 3055 801 3103 et
827 3047 973 3120 quondam
998 3048 1089 3102 alium
1117 3048 1169 3119 qui
1196 3049 1395 3119 appellaverat
1420 3049 1451 3103 in
1477 3048 1600 3103 eeclesia
1618 3056 1650 3104 et

606 3134 750 3188 consortio
768 3132 893 3187 fretrm
917 3131 1055 3201 suscepit.
1093 3131 1255 3204 Postquam
1279 3138 1377 3187 autem
1402 3132 1496 3187 dictus
1514 3133 1595 3203 prior
1614 3134 1654 3189 ob

605 3217 746 3288 praedicta
775 3215 947 3288 gravamina
973 3216 1029 3269 iter
1059 3216 1185 3287 erripuit
1213 3216 1251 3272 ed
1277 3216 1376 3271 sedem
1404 3215 1549 3281 veniendi,
1577 3236 1656 3289 prae-

605 3301 684 3356 fatus
702 3300 937 3372 archiepiscopus
956 3298 987 3352 in
1011 3298 1134 3353 basilica
1159 3317 1247 3370 quam
1265 3300 1415 3354 incorum
1440 3301 1651 3371 gravissimum

606 3384 813 3439 detrimentum
843 3382 952 3438 dicitur
977 3383 1184 3447 construxisse,
1213 3383 1354 3454 quosdam
1383 3383 1538 3439 saeculares
1568 3402 1656 3442 cano·

606 3468 697 3532 nicos,
711 3466 924 3539 appellantibus
938 3471 968 3519 et
978 3466 1204 3520 reclamantibus
1218 3467 1367 3530 fratribus,
1381 3466 1489 3522 dicitur
1502 3469 1649 3535 statuisse,

607 3552 709 3621 eisque
727 3552 858 3621 ipsorum
876 3550 1014 3604 ecclesias
1034 3550 1210 3620 assignasse,
1229 3556 1259 3605 et
1283 3551 1435 3605 universos
1454 3552 1505 3622 qui
1523 3553 1651 3624 appella·

438 3644 570 3688 neumae
608 3640 711 3690 verant
728 3634 764 3687 ab
792 3633 893 3687 altaris
920 3633 1012 3687 officio
1040 3632 1236 3704 suspendisse.
1274 3633 1348 3702 Quia
1372 3652 1451 3699 vero,
1472 3636 1542 3691 lieet
1565 3654 1656 3707 super

436 3695 563 3800 {ffiff
608 3718 819 3790 principalibus
851 3716 1060 3788 quaestionibus
1091 3717 1122 3771 in
1157 3718 1281 3771 termino
1315 3718 1502 3789 appellationi
1532 3721 1652 3790 praefixo

438 3808 471 3890 ξω
484 3847 490 3858 .
509 3847 551 3891 the
608 3802 791 3873 responsales
822 3806 852 3856 et
880 3801 1001 3855 nuncios
1032 3801 1125 3873 ipsius
1156 3802 1366 3873 archiepiscopi
1397 3810 1591 3873 expectemus,
1619 3823 1656 3860 ea

439 3900 534 3940 tormer
608 3895 706 3942 tamen
718 3904 783 3957 quae
795 3891 856 3940 tam
874 3885 1027 3940 manifeste
1045 3886 1077 3939 in
1095 3891 1294 3957 contemptum
1312 3885 1390 3941 sedis
1408 3888 1574 3957 apostolicas
1587 3896 1657 3944 sunt

438 3948 526 4001 'pm
608 3976 727 4042 peracta
752 3970 919 4040 relinquere
946 3969 1082 4024 nolumus
1112 3970 1281 4034 incorrecta,
1310 3969 1406 4024 eidem
1436 3971 1656 4045 archiepiscopo

439 4072 529 4116 noh„
608 4055 810 4125 praecepimus‚
825 4060 968 4123 quatenus
987 4054 1211 4125 suspensionum
1223 4054 1381 4109 sententias
1400 4061 1460 4109 tam
1478 4056 1509 4109 in
1527 4056 1658 4126 priorem

546 4124 588 4168 ’Μ
608 4155 697 4209 quam
715 4138 745 4192 in
763 4138 836 4193 alios
855 4138 960 4192 fratres
979 4138 1112 4207 ejusdem
1131 4138 1271 4202 ecclcsiae‚
1291 4144 1358 4208 post
1376 4139 1599 4209 appellationem
1618 4141 1657 4194 ad

439 4175 494 4218 arch
547 4187 577 4227 op

438 4225 563 4320 tfffiind
607 4240 659 4277 nos
677 4222 880 4294 interpositam
898 4222 1108 4293 promulgatas,
1122 4222 1199 4275 infra
1217 4220 1318 4276 decem
1337 4221 1399 4277 dies
1412 4229 1478 4292 post
1495 4223 1656 4292 susceptio·

438 4327 522 4370 within
530 4329 571 4370 ten
608 4325 675 4361 nem
701 4307 868 4362 litterarum
895 4311 1072 4370 nostrarum,
1092 4305 1209 4377 publice
1234 4304 1390 4362 denunciet
1414 4325 1471 4362 non
1496 4313 1605 4370 tencre,
1626 4316 1658 4362 et

438 4377 501 4431 ⁴¹¹5&
609 4390 687 4462 quod
714 4395 781 4460 post
806 4391 931 4461 primam
949 4389 1174 4460 appellationem
1199 4390 1230 4443 in
1257 4407 1358 4443 eorum
1375 4390 1579 4461 praejudicium
1599 4391 1660 4446 sao·

608 4482 671 4529 turn
687 4481 745 4538 est,
765 4475 796 4527 in
815 4480 924 4528 statum
948 4473 1106 4544 pristinum
1129 4472 1270 4527 reducere
1287 4491 1345 4527 non
1363 4475 1487 4528 omittat.
1525 4473 1656 4545 Ideoque

608 4516 778 4613 discrdtioni
807 4562 913 4612 vestrae
943 4575 996 4628 por
1026 4556 1186 4627 apostolica
1218 4555 1328 4628 scripta
1357 4556 1529 4612 mandamus
1565 4563 1656 4627 atque

641 4804 820 4865 ¹0do‚abbot
837 4802 868 4852 of
882 4801 974 4861 Battle,
990 4802 1040 4850 aud
1059 4801 1108 4851 late
1158 4801 1398 4852 hadbeenamonk
1415 4801 1446 4852 of
1459 4800 1545 4851 Christ
1557 4800 1661 4853 Chumh

606 4885 678 4948 prior
698 4883 728 4934 of
743 4882 829 4934 Christ
845 4880 966 4938 Charch3
986 4879 1108 4938 Gverrie,
1158 4880 1352 4944 andkeeperof
1364 4880 1406 4930 the
1423 4880 1663 4931 altarintheMar-

607 4966 684 5014 abbot
693 4964 724 5012 of
738 4961 911 5019 Favershsm3
929 4959 1021 5024 Roget,
1033 4960 1109 5008 abbot
1158 4959 1263 5022 tyrdom.
1298 4958 1362 5010 This
1372 4959 1446 5010 letter
1462 4959 1485 5009 is
1500 4959 1665 5023 inservare,

607 5043 638 5092 of
657 5042 683 5093 S.
701 5041 874 5106 Augmtine’s,
892 5042 1057 5099 1173-12123
1075 5038 1108 5090 he
1161 5036 1250 5089 Chron.
1265 5043 1336 5089 1⁴92.
