4192 6392
860 1194 1050 1275 arfiarmx.
1422 1213 1484 1276 559

437 1403 458 1427 “
479 1399 670 1456 Sanctissimo
688 1398 765 1470 patri
784 1404 814 1453 et
831 1396 957 1462 domino,
978 1396 1095 1452 domino
1120 1397 1300 1463 Innocentio,
1320 1398 1376 1453 Dei
1395 1382 1491 1470 gratia
1518 1404 1639 1450 hume.

436 1503 552 1541 summo
569 1484 710 1556 pontifici,
730 1483 854 1538 humilis
880 1482 1013 1537 ecclesiae
1033 1481 1144 1536 Christi
1163 1490 1332 1547 conventus,
1353 1483 1487 1547 salutem,
1501 1468 1625 1564 Pavum

437 1574 467 1625 et
484 1575 545 1627 tam
563 1569 698 1623 devotam
718 1584 806 1637 quam
824 1565 953 1620 debitam
971 1565 1003 1619 in
1021 1565 1155 1620 omnibus
1175 1566 1377 1621 obedientiam.
1417 1566 1491 1634 Quia
1502 1531 1579 1612 lllbbh

437 1653 537 1724 gratia
554 1657 584 1706 et
603 1650 808 1711 misericordia
832 1666 921 1720 quam
946 1648 1061 1703 fecistis
1089 1665 1156 1702 cum
1183 1652 1277 1704 servis
1295 1651 1403 1705 vestris
1429 1620 1628 1723 cor-gignff'

435 1736 598 1806 ruptilibus
617 1752 689 1788 auro
708 1740 738 1787 et
756 1738 879 1801 argento
897 1750 955 1787 non
972 1737 1098 1803 possunt
1116 1732 1232 1796 redimi,
1254 1734 1333 1804 quod
1350 1733 1490 1788 habemus
1503 1723 1618 1818 fflm‘

436 1818 573 1884 facimus,
602 1824 632 1872 et
657 1817 712 1871 sub
739 1815 839 1886 sigillo
865 1816 1014 1870 communi
1038 1822 1146 1870 nostrae
1172 1817 1305 1871 ecclesia
1329 1822 1492 1871 atramento

437 1903 609 1957 mandamus
628 1902 722 1964 vobis,
742 1900 768 1955 si
786 1901 891 1970 placet,
906 1899 1132 1970 inspiciendum.
1171 1900 1297 1955 Noverit
1315 1901 1414 1972 itaque
1431 1919 1492 1956 ma·

434 1986 528 2058 jestas
548 1995 647 2040 vestra
666 1985 745 2055 quia,
766 1988 907 2054 quantum
926 1983 963 2037 ad
981 2001 1034 2037 nos
1054 1984 1181 2053 pertinet
1198 1986 1261 2040 haec
1287 1986 1443 2049 concessio,
1464 1991 1494 2040 et

439 2069 602 2124 sanctitatis
631 2074 739 2123 vestrae
770 2071 901 2120 meretur
931 2065 1091 2121 laudabilis
1123 2067 1248 2132 devotio,
1279 2087 1332 2124 vos
1363 2069 1493 2123 omnium

438 2154 582 2208 bonorum
609 2170 674 2223 quoe
701 2153 733 2206 in
763 2150 971 2206 Cantuariensi
1001 2149 1072 2203 fient
1103 2151 1229 2205 ecclesia
1259 2153 1289 2206 in
1318 2160 1494 2224 perpetuum

439 2237 614 2309 participem
639 2235 858 2297 constituimus,
880 2234 910 2287 in
935 2232 1045 2296 missis,
1067 2233 1098 2286 in
1126 2235 1247 2304 psalmis
1267 2243 1297 2291 et
1314 2238 1442 2307 hymnis,
1462 2237 1495 2290 in

437 2321 561 2392 vigiliis,
581 2321 612 2374 in
627 2319 759 2390 jejuniis,
773 2320 805 2372 in
823 2317 987 2387 disciplinis
1006 2323 1036 2372 et
1054 2317 1247 2388 eleemosynis
1266 2324 1296 2373 et
1313 2321 1380 2375 aliis
1398 2320 1492 2376 bonis.

441 2404 614 2476 Spooialiter
633 2404 760 2474 singulis
779 2402 883 2456 diebus
902 2401 981 2455 omni
1000 2406 1133 2471 temporo
1146 2402 1215 2456 ritae
1228 2405 1385 2458 vestraein
1402 2406 1494 2460 missa

440 2488 476 2542 de
497 2488 612 2558 Spiritu
641 2487 747 2542 Sancto
774 2484 910 2556 specialis
935 2484 1052 2539 dicetur
1077 2502 1130 2555 pro
1160 2485 1242 2539 vobis
1271 2488 1379 2552 orati0;
1408 2494 1438 2543 ot
1463 2488 1494 2542 in

439 2573 533 2626 missa
570 2588 635 2641 quae
665 2587 718 2639 pro
749 2568 885 2622 fidelibus
916 2567 1063 2622 defunctis
1094 2567 1269 2633 celebratur,
1302 2586 1355 2640 pro
1385 2571 1494 2624 anima-

440 2656 496 2711 bus
515 2654 609 2725 patris
641 2659 671 2707 et
701 2652 804 2707 matris
835 2658 942 2707 vestrae
973 2652 1096 2706 collecta
1126 2653 1264 2707 similiter
1294 2654 1418 2708 dicenda
1447 2661 1492 2710 est

441 2738 587 2810 specialis.
636 2736 713 2791 Cum
739 2742 838 2790 autem
864 2742 981 2805 tempus
1000 2736 1116 2791 venerit
1133 2738 1294 2791 vocationis
1320 2743 1435 2803 vcstrae,
1465 2744 1495 2792 et

441 2822 526 2876 nobis
552 2821 721 2884 innotuerit,
748 2820 952 2890 unusquisque
981 2820 1117 2874 sacerdos
1148 2821 1272 2891 triginta
1301 2822 1409 2876 missas
1439 2839 1492 2893 pro

440 2906 525 2960 vobis
543 2905 713 2959 celebrabit.
750 2904 807 2957 Illo
836 2904 925 2957 etiam
952 2904 1010 2967 die,
1040 2909 1070 2958 ot
1096 2905 1175 2957 omni
1194 2923 1269 2958 anno
1284 2904 1331 2957 die
1352 2906 1494 2961 transitus

442 2989 535 3044 vestri
554 2987 757 3050 anniversarii,
774 2988 825 3041 fiet
842 3004 895 3058 pro
907 2987 991 3041 vobis
1011 2987 1167 3042 servitium
1181 2995 1215 3041 ut
1227 2987 1312 3042 decet
1325 2988 1453 3042 solemne
1465 2989 1496 3042 in

442 3077 596 3128 conventu.
635 3071 674 3126 Et
693 3070 805 3140 singuli
824 3087 926 3124 eorum
946 3069 998 3140 qui
1016 3070 1123 3124 missas
1137 3076 1244 3125 canunt
1261 3072 1384 3126 missam
1397 3072 1495 3128 dicent

442 3154 610 3227 specialem.
648 3154 710 3208 Alii
736 3170 853 3224 quoque
872 3153 1000 3223 psalmos
1028 3154 1251 3224 quinquaginta,
1272 3161 1301 3209 et
1326 3156 1495 3210 reficientur

443 3242 560 3295 centum
577 3255 722 3308 pauperes
741 3254 794 3308 pro
817 3236 1017 3307 redemptione
1045 3238 1151 3291 animm
1169 3244 1275 3291 vestrm
1294 3245 1324 3292 et
1342 3246 1496 3309 parentum

441 3329 626 3378 vostrorum:
654 3327 684 3376 et
709 3321 788 3374 omni
815 3319 952 3390 deinceps
977 3319 1025 3373 dio
1051 3338 1145 3392 usque
1172 3320 1203 3374 in
1227 3322 1438 3392 sempiternum
1465 3324 1496 3378 in

444 3408 537 3461 missa
564 3423 630 3477 quaa
658 3405 824 3459 celebratur
851 3421 904 3473 pro
934 3404 1081 3468 fidelibus,
1110 3421 1163 3474 pro
1186 3405 1280 3469 robis,
1304 3411 1334 3460 ct
1360 3424 1414 3476 pro
1433 3405 1494 3461 illis

444 3491 537 3545 oratio
556 3490 606 3545 fiet
624 3488 781 3560 specialis;
802 3505 820 3541 a
838 3487 886 3541 die
905 3494 1003 3542 autem
1022 3488 1120 3543 obitus
1133 3489 1235 3553 vestri,
1251 3489 1378 3560 singulis
1391 3490 1495 3546 diebus

443 3591 496 3644 per
514 3579 610 3628 toturn
628 3589 736 3626 annum
762 3571 856 3625 missa
880 3569 931 3626 fiet
957 3571 1095 3641 specialis
1121 3589 1174 3642 pro
1193 3573 1286 3636 vobis,
1308 3579 1338 3628 et
1364 3574 1495 3645 quotidie

444 3675 498 3728 por
517 3657 615 3728 ipsum
634 3673 742 3710 annum
760 3655 843 3710 cibus
872 3659 903 3709 et
926 3660 1013 3725 potus
1040 3655 1129 3709 unius
1155 3657 1291 3711 monachi
1318 3675 1372 3728 pro
1399 3659 1497 3714 anima

443 3745 543 3795 vestra
560 3741 682 3810 pauperi
702 3736 902 3810 erogabitur.”

478 3845 525 3880 xv.
545 3825 596 3879 kal
613 3824 753 3894 Augusti.
792 3821 967 3892 Radulphus
986 3822 1235 3893 eleemosynarius
1254 3824 1332 3894 apud
1350 3824 1484 3880 Romam.
1525 3833 1581 3902 tp.
1590 3837 1647 3880 1183.

480 3909 520 3963 vi.
540 3908 598 3962 kal.
619 3907 759 3977 Augusti.
798 3906 906 3960 Petrus
924 3905 1004 3976 apud
1022 3905 1154 3960 Romam.
1525 3925 1580 3970 an,
1589 3929 1647 3970 113⁸,

481 3992 543 4047 xiii.
563 3991 623 4046 kal.
645 3991 725 4062 Sept.
763 3990 847 4044 Idem
875 3989 950 4043 obiit
967 3989 1109 4060 magister
1135 3990 1309 4062 Radulphus
1330 3993 1495 4058 Remensir‚
1530 4009 1584 4051 al).
1592 4011 1644 4052 11⁹4

446 4075 537 4128 frater
550 4080 580 4129 et
592 4074 761 4128 benefactor
772 4077 880 4136 noster,
896 4071 948 4142 qui
966 4071 1048 4126 dedit
1060 4073 1192 4128 ecclesias
1206 4073 1319 4130 Christi
1331 4075 1497 4132 Cantuarieo
1539 4071 1566 4101 ⁰¹
1574 4063 1631 4103 ¹¹⁹⁶·

446 4156 656 4212 bibliothecam
680 4175 764 4212 suam
790 4154 900 4210 veteris
928 4160 958 4210 et
984 4155 1053 4210 novi
1080 4159 1248 4212 testamenti
1268 4160 1422 4229 glosatam‚
1443 4178 1496 4232 pro

447 4259 505 4313 quo
516 4242 568 4297 fiet
585 4242 739 4297 servitium
757 4240 788 4295 in
806 4245 960 4304 conventu¹
982 4240 1059 4295 sieut
1076 4258 1129 4312 pro
1147 4259 1204 4296 uno
1223 4242 1449 4314 archiepiscopo.

480 4345 508 4381 1.
528 4326 586 4380 kal.
609 4325 689 4397 Sept.
723 4324 890 4380 Gwerricus
909 4323 999 4379 abbas
1017 4324 1054 4379 de
1072 4325 1282 4395 Fevyrysham.
1525 4340 1647 4385 anima„

481 4410 532 4464 vii.
553 4409 620 4463 idus
640 4407 721 4479 Sept.
758 4408 811 4463 Ob.
840 4407 1015 4463 veneranda
1036 4408 1186 4463 memorie
1207 4407 1375 4462 Willelmur
1402 4408 1496 4463 archi·
1527 4415 1581 4459 al).
1589 4418 1647 4460 12⁰2

447 4493 603 4562 episcopus
623 4491 786 4545 Remensis.

482 4574 556 4628 xiiii.
576 4573 635 4627 kal.
650 4573 714 4628 Oct.
750 4573 828 4628 ltem
847 4574 921 4629 obiit
938 4574 995 4644 piae
1008 4573 1157 4627 memoriae
1170 4572 1305 4627 dominus
1319 4573 1498 4644 Lodowycur
1529 4580 1584 4625 al).
1592 4581 1651 4624 1180.

448 4675 500 4712 rex
518 4657 699 4710 Francorum
711 4656 873 4726 piissimus,
888 4657 980 4711 fiater
993 4661 1023 4710 et
1041 4655 1209 4710 benefactor
1227 4661 1336 4720 noster,
1350 4657 1401 4727 qui
1414 4656 1499 4714 devo·

448 4739 537 4797 tionis
556 4740 677 4794 obtentu
697 4738 828 4807 [beatum
841 4737 996 4806 Thomam]
1009 4739 1132 4792 visitans
1152 4737 1342 4793 Cantauriam
1359 4741 1450 4805 venit,
1470 4749 1501 4799 et

448 4841 537 4895 super
554 4822 687 4878 tumbam
712 4822 806 4891 ipsius
824 4823 974 4892 martyris,
994 4822 1032 4877 ad
1051 4839 1124 4893 opus
1143 4827 1302 4877 conventus
1322 4823 1497 4892 Cantuariae,

448 4914 565 4964 eentum
583 4905 696 4960 modios
714 4904 776 4958 vini
793 4922 847 4975 per
866 4904 1011 4975 quandam
1041 4922 1167 4976 cuppam
1192 4922 1311 4960 auream
1338 4907 1445 4965 obtulit
1467 4909 1500 4965 in

447 4997 621 5065 perpetuam
633 4989 850 5060 eleemosynam
868 4990 1018 5045 annuatim
1037 4989 1069 5043 in
1088 4988 1263 5044 castellaria
1280 4990 1406 5048 Pissiaci
1423 4994 1497 5048 reci·

448 5076 579 5149 piendos.
616 5072 711 5142 Quam
728 5071 912 5127 devotionem
930 5090 985 5129 aua
1003 5072 1092 5126 ctiam
1110 5079 1192 5128 carta
1209 5074 1400 5142 confirmavit,
1414 5078 1499 5148 cujus

448 5161 627 5232 rescriptum
645 5156 769 5213 inferius
788 5157 952 5213 denotatur.
988 5154 1073 5211 Unde
1090 5157 1269 5214 reverendus
1293 5166 1376 5231 pater
1399 5161 1501 5218 Ricar-
