4192 6392
608 1150 672 1223 278
890 1167 1063 1220 ammosa
1087 1168 1374 1232 carminarem,

456 1345 513 1391 ΑΒ·
521 1351 580 1393 11⁸st
606 1351 721 1402 tantum
746 1348 798 1401 nos
824 1347 855 1401 in
879 1345 934 1400 hoc
959 1363 1030 1401 casu
1055 1344 1230 1409 consolatur,
1251 1343 1329 1416 quod
1354 1343 1431 1400 huno
1456 1343 1508 1417 qui
1534 1344 1660 1401 decessit

441 1396 575 1507 Tffiff
607 1430 794 1496 cardinalem,
815 1430 948 1486 arbitrati
968 1435 1036 1485 sunt
1054 1429 1141 1485 multi
1158 1429 1254 1500 magis
1282 1434 1384 1485 contra
1400 1448 1453 1485 nos
1472 1429 1658 1497 destinatum,

438 1511 564 1612 &12⁸⁸
607 1515 732 1571 maxime
757 1533 825 1571 oum
855 1515 989 1571 dominus
1019 1533 1072 1569 rex
1101 1532 1169 1570 eum
1199 1521 1230 1570 et
1259 1513 1393 1569 dominus
1423 1514 1659 1587 archiepiscopus

439 1612 566 1661 doubtlers.
607 1599 757 1669 petissent.
806 1599 891 1655 Unde
921 1600 964 1654 eis
995 1599 1090 1670 magis
1128 1604 1260 1654 mortuus
1290 1603 1410 1669 putatur
1441 1616 1529 1670 quam
1565 1598 1657 1655 nobis.

606 1683 728 1748 Verum,
758 1684 784 1739 si
808 1702 866 1739 non
892 1684 997 1739 fefellit
1023 1702 1076 1740 nos
1104 1683 1193 1739 etiam
1218 1683 1355 1748 moriens,
1384 1700 1469 1738 nomo
1487 1683 1519 1737 in
1543 1684 1659 1754 nogotio

605 1773 705 1824 nostro
730 1768 826 1839 magis
856 1768 977 1824 affectus
1003 1769 1076 1824 fuitr
1111 1785 1198 1822 nemo
1224 1785 1353 1838 unquam
1380 1768 1445 1823 erit.
1492 1768 1597 1836 Itaque
1624 1767 1660 1822 ad

606 1853 719 1907 curiam
741 1852 918 1908 revertimur
936 1869 974 1906 ne
991 1852 1095 1908 cedere
1113 1852 1275 1918 videamur,
1296 1857 1326 1906 et
1352 1851 1423 1922 quia
1446 1851 1546 1922 plures
1566 1851 1659 1911 adhuc

607 1944 676 1993 sunt
688 1938 719 1992 in
731 1938 814 1992 curia
831 1937 868 1992 de
886 1937 993 2008 quibus
1011 1937 1194 1993 confidimus.
1231 1936 1293 1992 Vos
1306 1937 1433 2000 interim,
1448 1936 1518 1993 sisa
1536 1936 1659 1992 verbum

606 2022 687 2092 pacis
717 2022 866 2088 obtulerit,
891 2029 976 2078 caute
1000 2022 1089 2093 agite,
1116 2021 1201 2093 quasi
1219 2021 1256 2076 da
1279 2022 1363 2077 curia
1385 2020 1553 2077 nullatenus
1577 2021 1659 2076 dubi·

439 2108 560 2154 unama-
606 2113 711 2171 tantes,
739 2113 792 2163 aut
818 2106 854 2161 de
881 2106 999 2178 justitia
1024 2106 1236 2177 consequenda.
1285 2105 1375 2160 Forte
1404 2105 1483 2161 enim
1508 2105 1658 2161 occasione

438 2160 575 2304 dollhffiljls'ffl
605 2192 772 2248 litterarum
802 2210 874 2264 quas
905 2192 1043 2262 suscepit,
1072 2209 1137 2263 qnae
1163 2192 1201 2246 do
1227 2190 1349 2246 oonsilio
1378 2190 1508 2244 omnium
1533 2190 1658 2246 fratrum
1671 2185 1776 2242 semei

439 2260 498 2303 '¹¹¹¹
516 2274 585 2359 &hen
606 2282 823 2341 emanaverunt,
841 2295 914 2348 quas
932 2294 984 2347 per
1002 2276 1152 2331 dominum
1172 2274 1298 2330 Jhonam
1316 2273 1537 2339 destinavimus,
1558 2291 1658 2344 pacem

438 2364 575 2457 tgrfwgoe
607 2366 719 2432 quaeret
747 2362 994 2434 archiepiscopus.
1031 2359 1098 2416 Hoc
1128 2366 1225 2415 tamen
1249 2365 1415 2424 casetano
1442 2357 1599 2429 aliquando
1629 2359 1658 2413 in

438 2419 569 2517 nisibi}
607 2446 851 2502 constructionem
881 2463 964 2501 novae
996 2444 1129 2499 ecclesiae
1159 2443 1356 2507 consentiatis,
1386 2442 1438 2498 sed
1465 2442 1576 2512 geratis
1606 2460 1658 2498 vos

438 2513 519 2559 ¹⁰⁰²*
606 2535 746 2601 tanquam
763 2530 908 2601 patientes
931 2528 1080 2599 injuriam,
1103 2544 1161 2582 non
1179 2526 1382 2599 approbantes.
1429 2524 1505 2594 Quia
1522 2527 1549 2581 si
1566 2527 1657 2582 reela·

606 2613 767 2678 mareritis,
787 2612 904 2668 omnino
926 2617 1004 2668 stare
1030 2630 1089 2667 non
1106 2611 1223 2682 poterit.
1269 2610 1384 2666 Idcirco
1411 2615 1510 2665 autem
1533 2611 1659 2666 maximo

441 2702 550 2796 Wteshall
606 2698 747 2760 redimus,
767 2702 801 2752 ut
818 2714 919 2767 pacem
939 2695 1101 2760 meliorem,
1116 2695 1142 2750 si
1160 2695 1283 2758 venerit,
1298 2694 1539 2750 facerevaleatis.
1578 2694 1658 2750 (lorti
1717 2718 1722 2733 ·

447 2766 559 2857 *2¹⁰*
605 2787 704 2837 tamen
721 2797 823 2836 sumus
842 2779 920 2850 quod
938 2779 1055 2850 legatus
1073 2779 1157 2834 nobis
1175 2796 1233 2834 non
1250 2778 1416 2849 negabitur.
1462 2776 1528 2846 Qui,
1550 2779 1657 2849 qualis·

605 2882 720 2935 cunque
738 2863 837 2929 fuerit,
857 2870 966 2919 statum
981 2869 1114 2918 vestrum
1131 2881 1185 2934 pro
1203 2881 1311 2933 magna
1328 2867 1411 2932 parte
1429 2863 1610 2927 reformabit,
1631 2868 1659 2919 et

606 2949 636 3004 in
660 2950 754 3004 forma
776 2949 950 3021 praescripta
974 2947 1178 3012 destinabitur,
1208 2946 1260 3002 sed
1285 2947 1380 3001 forma
1404 2963 1481 3017 saepe
1506 2947 1611 3003 melior
1628 2947 1659 3003 in

604 3051 692 3087 manu
710 3032 850 3088 deteriori
868 3033 995 3087 multum
1012 3032 1193 3103 denigratur.
1233 3031 1344 3087 Doceat
1359 3048 1412 3086 vos
1433 3031 1577 3087 Dominus
1595 3033 1659 3088 vias

606 3117 690 3181 Sues,
711 3122 741 3173 ot
759 3118 871 3188 dirigat
888 3118 979 3189 podes
997 3121 1112 3172 vestros
1131 3117 1162 3172 in
1180 3116 1260 3172 viam
1277 3116 1367 3187 pacis.
1415 3115 1447 3170 si
1466 3115 1538 3187 quid
1556 3117 1586 3170 in
1603 3117 1657 3172 hac

604 3209 687 3273 parto
714 3208 812 3258 actum
832 3203 930 3266 luerit,
950 3201 1033 3257 vobis
1054 3202 1226 3271 quantocius
1245 3201 1437 3272 significetur,
1458 3207 1488 3254 ot
1505 3201 1658 3256 mittentur

604 3304 738 3357 expensas
774 3285 891 3342 obviam
927 3303 980 3357 per
1016 3284 1146 3356 aliquem
1182 3284 1300 3339 fidelem
1336 3285 1484 3339 nuncium.
1539 3284 1655 3341 Valete.

499 3438 501 3440 .
604 3371 728 3442 Magnos
747 3371 778 3426 in
796 3371 880 3427 curia
897 3371 1039 3425 habemus
1059 3369 1251 3426 adversarios.

463 3633 573 3688 sanum.
606 3625 765 3683 ccxciv.
814 3627 963 3681 Gturnmo
988 3642 1136 3681 sorrmom
1167 3644 1201 3681 sr
1232 3628 1399 3682 Contemni
1430 3627 1655 3695 Cerretanum,

897 3727 1004 3765 marsa
1023 3712 1052 3766 J.
1073 3728 1172 3766 ursses
1191 3728 1228 3766 so
1247 3727 1366 3767 conrasi.

437 3839 543 3932 mig
641 3840 754 3909 Quanto
782 3841 875 3911 major
902 3844 1056 3914 consurgit
1081 3844 1242 3909 tribulatio,
1263 3851 1343 3900 tanto
1362 3845 1485 3899 firmiori
1514 3846 1544 3899 in
1563 3865 1655 3917 agone

437 3941 558 4001 rosunum
606 3943 664 3994 quo
691 3926 775 3980 statis
803 3945 876 3996 opus
903 3933 949 3982 ost
976 3929 1082 3982 animo.
1120 3928 1295 3984 Animorum
1321 3930 1399 3983 enirn
1426 3931 1658 4000 magnitudinem

437 3992 544 4083 {ffl'ffl
604 4009 712 4062 laboris
732 4011 860 4065 ostendit
884 4011 1061 4077 immanitas,
1082 4019 1112 4067 et
1139 4013 1291 4068 inundatio
1320 4014 1550 4069 tribulationum.
1587 4016 1657 4070 Pec-

437 4091 573 4187 'lffir‘tlg‘g
605 4099 670 4147 enta
688 4101 788 4148 nostra
805 4095 891 4164 punit
909 4095 990 4149 Deus
1017 4103 1047 4151 et
1072 4103 1190 4168 purgat,
1212 4097 1282 4150 dnm
1301 4104 1420 4151 conatus
1439 4105 1552 4152 nostros
1571 4100 1658 4153 toties

436 4169 532 4238 licam,
573 4177 579 4196 '
605 4183 634 4231 ot
653 4183 696 4231 tot
714 4178 808 4231 modis
828 4186 958 4243 evacuat,
980 4186 1009 4234 et
1036 4186 1134 4234 tamen
1159 4187 1325 4234 sanctornm
1343 4183 1457 4236 meritis
1476 4183 1588 4253 aliquid
1606 4202 1658 4253 por

604 4261 658 4315 hoc
687 4260 790 4331 adjicit
817 4269 847 4316 et
877 4263 1052 4318 accumulat.
1097 4263 1174 4317 Ecce
1205 4264 1320 4333 legatus
1351 4264 1434 4328 altor,
1468 4267 1518 4335 qni
1549 4273 1658 4321 statum

604 4352 737 4399 nostrum
756 4346 917 4400 destinatus
937 4352 982 4401 ost
1000 4364 1147 4417 reparare,
1166 4347 1196 4400 in
1208 4347 1395 4412 Lumbnrdia,
1410 4367 1476 4403 cum
1492 4349 1554 4418 jam
1567 4368 1656 4421 prope

605 4430 735 4483 medium
762 4430 876 4485 itineris
896 4431 1081 4500 complesset,
1100 4431 1180 4485 sabra
1200 4438 1361 4503 correptus,
1389 4432 1466 4503 apud
1484 4433 1655 4490 Mortariam

603 4514 706 4568 mortis
725 4514 857 4569 debitum
885 4514 1009 4569 exsolvit
1035 4515 1066 4568 in
1084 4515 1212 4570 erastino
1232 4515 1332 4570 Sancti
1350 4516 1468 4571 Thomna
1495 4519 1653 4588 martyris3

603 4599 732 4668 profecto
751 4604 784 4653 ut
803 4599 955 4653 differatur
982 4599 1118 4654 liberatio
1143 4617 1306 4670 pauperum
1333 4606 1487 4671 apotento
1506 4619 1600 4672 usque
1619 4603 1656 4657 ad

603 4683 779 4752 praefinitum
797 4688 912 4753 tempus
937 4701 955 4738 a
972 4683 1044 4747 Deo,
1066 4690 1209 4754 quatenus
1235 4685 1380 4739 stantibus
1406 4704 1511 4739 corona
1536 4687 1656 4744 accedat

603 4773 633 4820 et
658 4766 762 4836 gloria,
784 4774 814 4821 et
832 4767 858 4820 si
886 4767 937 4837 qui
965 4767 1072 4837 spiritu
1100 4768 1158 4822 alio
1177 4769 1333 4833 ducuntur,
1356 4769 1387 4823 in
1405 4769 1488 4824 vobis
1507 4772 1655 4827 manifesti

602 4851 681 4904 fiant.
719 4851 821 4906 Nolite
840 4868 911 4920 ergo
939 4851 1070 4905 aemulari
1095 4853 1126 4906 in
1145 4870 1179 4907 eo
1198 4853 1248 4924 qui
1266 4860 1456 4925 prosperatur
1474 4855 1504 4908 in
1522 4856 1572 4910 via
1591 4875 1653 4920 sua,
1667 4864 1703 4909 Ps.
1711 4867 1775 4910 xxm·

600 4934 631 4988 in
657 4935 773 4990 homino
793 4933 917 4989 faciente
936 4933 1106 5004 injustitias,
1127 4936 1229 4992 sedin
1253 4938 1332 4992 omni
1351 4939 1492 5008 patientia
1514 4941 1656 5011 suscipito

600 5019 722 5073 calicem
754 5037 841 5087 quom
871 5018 954 5072 vobis
991 5022 1128 5091 propinat
1158 5039 1262 5077 manus
1293 5022 1421 5086 Domini,
1453 5024 1656 5094 praestolantes
1668 5037 1771 5082 Iamdiu

601 5103 729 5158 salutaro
757 5102 813 5156 Dei
841 5119 909 5155 cum
937 5102 1063 5159 silentio.
1111 5104 1242 5162 Veniens
1267 5124 1394 5177 namquo
1420 5109 1517 5164 veniet
1544 5115 1574 5164 ot
1599 5129 1656 5166 non
1668 5117 1776 5165 Habui
