4192 6392
637 1169 702 1270 538
774 1180 1385 1244 ur1srcsscsrruss1sssus,rsus.
1410 1181 1581 1232 nossem.

490 1359 613 1417 ΨΜ
636 1357 726 1423 tibus,
755 1355 923 1412 fundaverit
946 1356 1097 1420 eunonium
1126 1354 1218 1421 illem,
1243 1356 1328 1428 regis
1356 1374 1429 1412 usus
1452 1361 1604 1427 potestate
1636 1373 1698 1427 qus

466 1418 617 1514 ffigffifft
636 1441 788 1511 iungitur:
809 1439 953 1505 monechi,
967 1447 1086 1511 eccepto
1098 1445 1230 1510 tempore
1247 1422 1419 1512 opportimo,
1433 1439 1695 1511 archiepiscopum

466 1520 518 1563 ¹¹¹t0
526 1518 569 1577 Ψ
635 1524 754 1580 trshent
764 1524 796 1578 in
807 1540 926 1580 comem
938 1541 1027 1595 super
1039 1523 1183 1588 ecclesiis,
1197 1529 1297 1579 curret
1307 1522 1346 1579 lis
1357 1521 1454 1578 Morte
1472 1540 1537 1590 suo,
1552 1523 1694 1579 evincent

467 1569 578 1664 mot
636 1607 771 1664 monaehi
800 1607 1027 1666 adminiculante
1052 1606 1110 1664 sibi
1135 1607 1204 1679 jure
1228 1623 1299 1674 sno,
1329 1607 1523 1663 restituentur
1553 1606 1692 1663 ecclesius

468 1670 550 1715 ⁰¹⁰³*
638 1691 797 1757 monechis,
817 1709 900 1764 ques,
920 1691 990 1761 quis
1000 1691 1032 1745 in
1043 1710 1116 1746 usus
1128 1691 1261 1762 proprios
1273 1691 1402 1747 retinere
1414 1708 1472 1746 non
1483 1695 1620 1762 possunt,
1634 1707 1692 1746 neo

638 1776 792 1847 potientur·
804 1774 882 1846 quod
898 1774 1024 1829 ulterius
1044 1773 1110 1830 loco
1128 1774 1174 1828 illi
1194 1775 1391 1840 conferuntur,
1410 1774 1528 1832 clericis
1546 1773 1696 1829 Romnum

637 1859 744 1916 Guriae-
764 1866 799 1914 et‘
825 1858 892 1913 eliis
915 1858 968 1928 qni
997 1857 1106 1924 essin
1132 1875 1227 1913 menn·
1245 1859 1357 1929 potenti
1376 1864 1407 1913 et
1423 1857 1546 1913 bruchio
1570 1862 1689 1915 extento

636 1941 813 2013 possideant,
828 1946 859 1994 et
875 1945 1021 2004 tueantur,
1035 1941 1194 2006 conferent,
1208 1947 1239 1996 et
1251 1940 1387 1996 dominus
1404 1939 1685 2012 pepeconfirmsbit.

467 2020 614 2125 {Jffl
663 2025 728 2080 -Vir
753 2024 832 2096 juris
857 2023 980 2094 peritus,
1005 2029 1036 2081 et
1060 2024 1091 2079 in
1120 2025 1158 2080 iis
1189 2042 1254 2096 ques
1280 2025 1313 2080 in
1336 2031 1487 2095 posterum
1513 2024 1686 2096 contingere

468 2114 586 2216 phuae!
635 2114 774 2180 poterunt
789 2107 876 2162 relde
887 2107 1036 2180 providus,
1057 2114 1088 2164 et
1103 2109 1136 2163 in
1153 2108 1281 2180 negotiis
1299 2107 1399 2164 arduis
1418 2107 1540 2165 consilio
1558 2108 1685 2179 primus,

468 2171 625 2269 {fg-affl
636 2190 804 2247 Willelmus
832 2190 961 2247 Eliensis
991 2192 1155 2264 episcopus,
1187 2197 1348 2249 cenventus
1378 2198 1423 2248 est
1460 2190 1622 2262 aliquando
1657 2195 1704 2261 etj

467 2266 552 2365 Ἢω
590 2306 593 2313 .
636 2274 796 2346 plurimum
817 2275 992 2333 sollicitatus
1019 2293 1037 2331 s
1062 2274 1238 2346 quibusdem
1265 2276 1382 2348 magnis
1399 2276 1473 2332 viris
1497 2281 1528 2331 et
1544 2275 1620 2333 bene
1637 2274 1686 2330 iit·

468 2321 619 2436 ssssmglf'
635 2359 749 2424 teretis,
763 2358 936 2416 utdeterris
948 2377 1031 2431 ques,
1046 2359 1199 2431 extirpetis
1212 2360 1307 2424 silvis,
1322 2358 1511 2415 convertebat
1522 2359 1554 2414 in
1565 2375 1686 2430 campos

467 2422 560 2524 9⁸2¹&
637 2440 797 2515 frugiferos
823 2449 854 2498 et
877 2443 966 2499 dubet
993 2443 1144 2499 monachis
1159 2444 1236 2508 suis,
1259 2443 1455 2514 similiterque
1484 2442 1521 2497 de
1548 2441 1685 2498 ecclesiis

465 2524 606 2623 pff&
636 2531 839 2598 utrorumque,
858 2526 1012 2583 eeclesiam
1029 2527 1141 2583 feceret
1160 2526 1429 2597 praebendariorum
1455 2527 1487 2582 in
1511 2530 1685 2598 perpetusm

520 2620 550 2637 “·
635 2610 791 2682 regiminis
821 2610 869 2666 sui
907 2610 1087 2667 memoriam.
1138 2609 1251 2679 Quibus
1281 2611 1346 2682 ipse
1384 2610 1485 2666 stetim
1513 2607 1698 2680 respondit:-

639 2697 658 2721 “
669 2694 755 2760 Sene,
775 2695 839 2758 filii,
857 2694 914 2750 hoe
937 2711 1054 2750 mecum
1066 2694 1210 2764 ⁴cogituvi,
1231 2699 1262 2750 et
1273 2694 1304 2748 id
1322 2694 1441 2749 etiams
1459 2693 1701 2763 quibuscunque*

636 2780 656 2804 “
674 2778 784 2849 accepi.
822 2777 882 2833 Sed
894 2777 971 2832 absit
987 2783 1022 2834 nt
1038 2777 1152 2847 sliquid
1169 2777 1276 2833 seciam
1289 2778 1320 2832 in
1331 2776 1435 2832 diebus
1452 2777 1528 2832 meis
1546 2774 1628 2847 qnod
1645 2776 1686 2831 sit

640 2864 659 2888 “
677 2862 801 2916 materis
811 2860 965 2917 discordie
977 2867 1008 2917 et
1018 2878 1108 2917 conss
1119 2861 1249 2917 scendeli
1261 2862 1339 2916 inter
1351 2878 1398 2916 me
1410 2867 1441 2916 et
1453 2876 1513 2917 eos.
1544 2857 1603 2928 Qui
1615 2875 1685 2914 cum

637 2946 656 3000 “.
676 2945 845 3001 essentviri
861 2944 1186 3017 religiosissimum
1204 2961 1251 3001 me
1269 2962 1358 3016 super
1376 2962 1418 3009 se,
1431 2944 1573 3000 clericum
1592 2959 1686 2998 saeeu·

597 3034 602 3045 '
640 3031 660 3084 ‘f
678 3029 772 3084 ierem
788 3029 932 3094 monachi,
946 3002 1132 3100 cumplures
1150 3028 1235 3084 sedes
1254 3028 1306 3084 ubi
1317 3028 1420 3084 elerici
1439 3036 1508 3084 sunt
1525 3033 1598 3083 tuno
1611 3031 1686 3082 tem-

638 3114 657 3138 “
676 3112 756 3182 poris
773 3118 918 3176 vacarent,
931 3111 984 3168 sed
1000 3111 1084 3166 nulle
1100 3129 1147 3166 me
1165 3111 1298 3178 vocavit;
1319 3129 1441 3184 qnorum
1456 3128 1527 3182 ergo
1544 3109 1635 3166 seluti
1646 3114 1687 3166 et

639 3201 658 3224 “
677 3200 743 3270 peoi
760 3205 862 3255 teneor
878 3199 1055 3271 prospicere,
1069 3215 1126 3254 non
1143 3217 1193 3255 eos
1211 3198 1331 3255 turbere
1349 3199 1397 3254 rel
1409 3198 1592 3254 occasionem
1601 3214 1685 3253 soen·

640 3285 661 3324 “-
678 3282 738 3338 doli
750 3283 828 3339 inter
838 3300 892 3339 nos
909 3282 1116 3354 multiplicem.
1137 3282 1322 3338 Reminisoor
1335 3283 1412 3338 enim
1424 3281 1589 3338 ledewini
1600 3281 1699 3337 bonee-

636 3369 655 3393 “
674 3367 823 3422 memoriae
836 3367 1055 3422 Centusriensis
1068 3362 1287 3437 archiepiscopi,
1302 3366 1401 3436 quetis
1413 3382 1494 3420 susm
1508 3371 1540 3419 et
1551 3381 1685 3429 suorum,

642 3453 661 3501 “,
679 3450 769 3504 immo
782 3457 812 3506 et
822 3451 913 3506 totius
924 3450 1010 3521 regni
1022 3467 1124 3521 pacem
1136 3449 1323 3504 turbavere.”
1336 3449 1376 3503 Et
1387 3449 1510 3520 sdjecit:
1528 3450 1547 3475 ‘⁴
1556 3447 1626 3503 Non
1638 3454 1686 3502 est

641 3538 659 3560 “
679 3534 766 3589 hodie
785 3541 864 3590 certe
882 3534 989 3603 uliquis
1008 3534 1058 3604 qui
1077 3533 1171 3604 possit
1188 3532 1351 3602 providere,
1367 3539 1507 3602 quantum
1525 3531 1606 3594 muli,
1626 3549 1687 3586 non

518 3655 532 3679 .
636 3621 655 3643 “
676 3620 770 3672 solum
781 3619 983 3672 Centuuriensi
992 3617 1132 3681 ecclesiae,
1143 3617 1196 3671 sed
1205 3622 1235 3670 et
1242 3617 1376 3671 omnibus
1385 3617 1473 3670 totius
1482 3615 1578 3685 regui,
1588 3615 1685 3669 exilio

638 3705 656 3727 “
675 3719 761 3772 opere
780 3701 888 3755 futuris
907 3701 1087 3772 temporibus
1106 3700 1366 3770 possituccidere.”
1404 3699 1460 3754 Cui
1473 3716 1539 3752 cum
1551 3697 1687 3753 dicerent

637 3785 838 3838 Buldewinum
856 3786 887 3838 in
906 3804 939 3839 eo
960 3787 1057 3838 minus
1078 3785 1223 3854 supienter
1245 3785 1351 3854 egisse,
1367 3784 1444 3853 quod
1456 3790 1514 3838 tem
1528 3801 1619 3853 prope
1639 3799 1685 3836 ec-

635 3869 754 3921 elesiam
774 3886 856 3922 suem
875 3875 904 3923 et
922 3868 1077 3923 monachos
1096 3887 1214 3939 operam
1226 3869 1392 3938 incepisset,
1405 3886 1471 3922 eum
1484 3873 1582 3921 eutem
1594 3866 1684 3937 longe

637 3952 797 4005 consultius
828 3970 913 4021 posse
943 3952 1047 4015 secere,
1076 3952 1177 4023 procul
1208 3952 1320 4005 scilicet
1349 3952 1384 4006 eb
1415 3952 1539 4006 ecclesie
1556 3950 1682 4014 Eliensi,

633 4034 770 4089 videlieet
797 4034 874 4103 apud
901 4035 1054 4098 Pilleham,
1088 4035 1165 4106 quod
1190 4041 1235 4089 est
1253 4036 1283 4089 in
1301 4036 1482 4091 Norwicensi
1500 4035 1681 4104 episcopatu,

634 4120 682 4173 vel
694 4119 771 4188 apud
784 4118 951 4182 Hethfelde,
966 4119 1044 4188 quod
1057 4121 1144 4174 estin
1158 4119 1369 4183 Londoniensi3
1383 4118 1549 4188 respoudit:
1572 4118 1682 4173 “Certe

638 4208 656 4230 “
678 4204 702 4258 si
722 4204 757 4257 dc
779 4202 1075 4257 substantieElieusis
1095 4204 1225 4257 ecclesiis
1239 4203 1362 4257 ecclesis
1380 4203 1547 4273 hujusmodi
1561 4202 1683 4257 fundate

636 4292 655 4315 “
675 4294 754 4342 esset
761 4286 838 4357 opud
849 4285 978 4351 Carduil,
993 4292 1043 4340 out
1052 4287 1082 4339 in
1095 4288 1232 4341 extremis
1243 4287 1348 4340 finibus
1357 4286 1520 4349 Cornubiae,
1532 4304 1683 4357 nunquam

638 4376 657 4398 “
676 4391 732 4443 pax
758 4372 840 4425 fieret
867 4370 957 4424 donec
982 4371 1075 4424 ultera
1093 4371 1221 4425 alteram·
1237 4370 1429 4425 subverteret.
1469 4370 1527 4425 Sed
1546 4371 1612 4425 nolo
1626 4389 1682 4442 ego

638 4460 656 4483 ‘¹
677 4456 769 4526 quoed
789 4456 888 4510 vixero
905 4454 960 4508 hoe
979 4454 1114 4525 experiri,
1128 4472 1180 4509 nec
1194 4454 1229 4507 de
1249 4454 1370 4508 oonsilio
1388 4472 1453 4509 meo
1465 4454 1573 4522 uliquis
1593 4473 1682 4525 quem

634 4544 653 4568 “
673 4542 796 4611 diligam
815 4539 1006 4610 experietur.'’

671 4625 785 4679 Sufficit
803 4623 894 4678 ratio¹

669 4801 675 4828 ¹
694 4799 776 4849 These
792 4799 893 4849 arethe
909 4799 1077 4849 catch-words
1093 4799 1132 4846 ior
1180 4798 1241 4848 with
1259 4799 1301 4849 the
1323 4798 1464 4864 remaining
1483 4799 1532 4848 tire
1557 4800 1640 4860 folios,
1659 4802 1682 4851 is

636 4880 679 4929 the
696 4879 835 4943 beginning
852 4880 882 4928 of
894 4879 956 4928 folio
971 4884 1025 4936 141,
1039 4878 1131 4937 which,
1179 4878 1234 4927 lost.
