<?xml version="1.0" encoding="UTF-8"?>
<!DOCTYPE html PUBLIC "-//W3C//DTD XHTML 1.0 Transitional//EN"
    "http://www.w3.org/TR/xhtml1/DTD/xhtml1-transitional.dtd">
<html xmlns="http://www.w3.org/1999/xhtml" xml:lang="en" lang="en">
 <head>
  <title>
</title>
<meta http-equiv="Content-Type" content="text/html;charset=utf-8" />
  <meta name='ocr-system' content='tesseract 3.04.00' />
  <meta name='ocr-capabilities' content='ocr_page ocr_carea ocr_par ocr_line ocrx_word'/>
</head>
<body>
  <div class='ocr_page' id='page_1' title='image "./epistolaecantua00stubgoog_0324.png"; bbox 0 0 4192 6392; ppageno 0'>
   <div class='ocr_carea' id='block_1_1' title="bbox 511 1164 1275 1244">
    <p class='ocr_par' dir='ltr' id='par_1_1' title="bbox 511 1164 1275 1244">
     <span class='ocr_line' id='line_1_1' title="bbox 511 1164 1275 1244; baseline 0.008 -18"><span class='ocrx_word' id='word_1_1' title='bbox 511 1164 577 1227; x_wconf 76' lang='lat'><strong>122</strong></span> <span class='ocrx_word' id='word_1_2' title='bbox 787 1176 960 1227; x_wconf 82' lang='lat' dir='ltr'><strong>nrrsronn</strong></span> <span class='ocrx_word' id='word_1_3' title='bbox 982 1175 1275 1244; x_wconf 63' lang='lat' dir='ltr'><strong>caurum,</strong></span> 
     </span>
    </p>
   </div>
   <div class='ocr_carea' id='block_1_2' title="bbox 339 1448 1558 1550">
    <p class='ocr_par' dir='ltr' id='par_1_2' title="bbox 339 1448 1558 1550">
     <span class='ocr_line' id='line_1_2' title="bbox 339 1448 1558 1550; baseline 0.013 -54"><span class='ocrx_word' id='word_1_4' title='bbox 339 1453 487 1550; x_wconf 37' lang='lat' dir='ltr'><strong>&amp;31th</strong></span> <span class='ocrx_word' id='word_1_5' title='bbox 517 1448 683 1506; x_wconf 84' lang='lat' dir='ltr'><strong>CXLVIII.</strong></span> <span class='ocrx_word' id='word_1_6' title='bbox 722 1449 873 1503; x_wconf 80' lang='lat' dir='ltr'><strong>Horromrs</strong></span> <span class='ocrx_word' id='word_1_7' title='bbox 891 1463 976 1503; x_wconf 79' lang='lat' dir='ltr'><strong>raros</strong></span> <span class='ocrx_word' id='word_1_8' title='bbox 992 1464 1027 1503; x_wconf 81' lang='lat' dir='ltr'><strong>rr</strong></span> <span class='ocrx_word' id='word_1_9' title='bbox 1045 1464 1118 1503; x_wconf 87' lang='lat' dir='ltr'><strong>seen</strong></span> <span class='ocrx_word' id='word_1_10' title='bbox 1136 1450 1304 1508; x_wconf 73' lang='lat' dir='ltr'><strong>eonem</strong></span> <span class='ocrx_word' id='word_1_11' title='bbox 1321 1452 1558 1511; x_wconf 61' lang='lat' dir='ltr'><strong>cammarus</strong></span> 
     </span>
    </p>
   </div>
   <div class='ocr_carea' id='block_1_3' title="bbox 335 1581 1569 2916">
    <p class='ocr_par' dir='ltr' id='par_1_3' title="bbox 335 1581 1569 2916">
     <span class='ocr_line' id='line_1_3' title="bbox 338 1581 1558 1663; baseline 0.007 -29"><span class='ocrx_word' id='word_1_12' title='bbox 338 1591 458 1644; x_wconf 63' lang='lat' dir='ltr'><strong>maaser</strong></span> <span class='ocrx_word' id='word_1_13' title='bbox 544 1582 668 1639; x_wconf 84' lang='lat' dir='ltr'><strong>Creator</strong></span> <span class='ocrx_word' id='word_1_14' title='bbox 686 1581 817 1636; x_wconf 89' lang='lat' dir='ltr'><strong>omnium</strong></span> <span class='ocrx_word' id='word_1_15' title='bbox 840 1600 940 1636; x_wconf 89' lang='lat' dir='ltr'><strong>rerum</strong></span> <span class='ocrx_word' id='word_1_16' title='bbox 964 1589 1052 1653; x_wconf 88' lang='lat' dir='ltr'><strong>atque</strong></span> <span class='ocrx_word' id='word_1_17' title='bbox 1072 1583 1272 1655; x_wconf 83' lang='lat' dir='ltr'><strong>Dispensator,</strong></span> <span class='ocrx_word' id='word_1_18' title='bbox 1293 1586 1347 1641; x_wconf 88' lang='lat' dir='ltr'><strong>snb</strong></span> <span class='ocrx_word' id='word_1_19' title='bbox 1366 1586 1419 1641; x_wconf 93' lang='lat' dir='ltr'><strong>illo</strong></span> <span class='ocrx_word' id='word_1_20' title='bbox 1442 1587 1558 1663; x_wconf 82' lang='lat' dir='ltr'><strong>dispen-</strong></span> 
     </span>
     <span class='ocr_line' id='line_1_4' title="bbox 339 1644 1557 1739; baseline 0.005 -18"><span class='ocrx_word' id='word_1_21' title='bbox 339 1644 493 1739; x_wconf 54' lang='lat' dir='ltr'><strong>ffidfftffi}</strong></span> <span class='ocrx_word' id='word_1_22' title='bbox 512 1667 631 1722; x_wconf 87' lang='lat' dir='ltr'><strong>sationis</strong></span> <span class='ocrx_word' id='word_1_23' title='bbox 650 1666 847 1720; x_wconf 78' lang='lat' dir='ltr'><strong>moderamine</strong></span> <span class='ocrx_word' id='word_1_24' title='bbox 864 1673 924 1720; x_wconf 87' lang='lat' dir='ltr'><strong>tam</strong></span> <span class='ocrx_word' id='word_1_25' title='bbox 943 1668 1093 1737; x_wconf 79' lang='lat' dir='ltr'>superiora</span> <span class='ocrx_word' id='word_1_26' title='bbox 1112 1686 1199 1738; x_wconf 85' lang='lat' dir='ltr'><strong>quam</strong></span> <span class='ocrx_word' id='word_1_27' title='bbox 1222 1670 1363 1725; x_wconf 81' lang='lat' dir='ltr'><strong>inferiora</strong></span> <span class='ocrx_word' id='word_1_28' title='bbox 1379 1671 1557 1728; x_wconf 85' lang='lat' dir='ltr'><strong>inevitabili·</strong></span> 
     </span>
     <span class='ocr_line' id='line_1_5' title="bbox 337 1744 1556 1840; baseline 0.006 -35"><span class='ocrx_word' id='word_1_29' title='bbox 337 1744 475 1840; x_wconf 40' lang='lat'><strong>33:³2⁰</strong></span> <span class='ocrx_word' id='word_1_30' title='bbox 506 1760 553 1806; x_wconf 86' lang='lat' dir='ltr'><strong>ter</strong></span> <span class='ocrx_word' id='word_1_31' title='bbox 580 1757 752 1814; x_wconf 85' lang='lat' dir='ltr'><strong>coaretatur,</strong></span> <span class='ocrx_word' id='word_1_32' title='bbox 785 1759 928 1821; x_wconf 86' lang='lat' dir='ltr'><strong>quatenus</strong></span> <span class='ocrx_word' id='word_1_33' title='bbox 947 1769 982 1804; x_wconf 88' lang='lat' dir='ltr'><strong>ea</strong></span> <span class='ocrx_word' id='word_1_34' title='bbox 1005 1769 1070 1821; x_wconf 82' lang='lat' dir='ltr'><strong>quae</strong></span> <span class='ocrx_word' id='word_1_35' title='bbox 1100 1769 1118 1805; x_wconf 90' lang='lat' dir='ltr'><strong>a</strong></span> <span class='ocrx_word' id='word_1_36' title='bbox 1140 1759 1307 1823; x_wconf 88' lang='lat' dir='ltr'><strong>temporum</strong></span> <span class='ocrx_word' id='word_1_37' title='bbox 1337 1756 1503 1811; x_wconf 77' lang='lat' dir='ltr'><strong>aeternitate</strong></span> <span class='ocrx_word' id='word_1_38' title='bbox 1526 1756 1556 1811; x_wconf 91' lang='lat' dir='ltr'><strong>in</strong></span> 
     </span>
     <span class='ocr_line' id='line_1_6' title="bbox 337 1834 1557 1906; baseline 0.008 -21"><span class='ocrx_word' id='word_1_39' title='bbox 337 1844 441 1888; x_wconf 68' lang='lat' dir='ltr'><strong>{neoda</strong></span> <span class='ocrx_word' id='word_1_40' title='bbox 506 1852 612 1889; x_wconf 87' lang='lat' dir='ltr'><strong>arcana</strong></span> <span class='ocrx_word' id='word_1_41' title='bbox 641 1835 686 1888; x_wconf 89' lang='lat' dir='ltr'><strong>sui</strong></span> <span class='ocrx_word' id='word_1_42' title='bbox 717 1835 831 1889; x_wconf 88' lang='lat' dir='ltr'><strong>consilii</strong></span> <span class='ocrx_word' id='word_1_43' title='bbox 867 1835 1050 1906; x_wconf 88' lang='lat' dir='ltr'><strong>providentia</strong></span> <span class='ocrx_word' id='word_1_44' title='bbox 1079 1834 1243 1891; x_wconf 78' lang='lat' dir='ltr'>voluntarie</span> <span class='ocrx_word' id='word_1_45' title='bbox 1274 1838 1468 1904; x_wconf 75' lang='lat' dir='ltr'>trutinantur,</span> <span class='ocrx_word' id='word_1_46' title='bbox 1501 1858 1557 1896; x_wconf 89' lang='lat' dir='ltr'><strong>non</strong></span> 
     </span>
     <span class='ocr_line' id='line_1_7' title="bbox 335 1895 1557 1990; baseline 0.005 -17"><span class='ocrx_word' id='word_1_47' title='bbox 335 1895 416 1940; x_wconf 57' lang='grc' dir='ltr'><strong>Μ’·</strong></span> <span class='ocrx_word' id='word_1_48' title='bbox 505 1920 638 1974; x_wconf 79' lang='lat' dir='ltr'><strong>humanae</strong></span> <span class='ocrx_word' id='word_1_49' title='bbox 680 1919 853 1974; x_wconf 89' lang='lat' dir='ltr'><strong>conditionis</strong></span> <span class='ocrx_word' id='word_1_50' title='bbox 895 1919 1041 1990; x_wconf 74' lang='lat' dir='ltr'><strong>fragilitas</strong></span> <span class='ocrx_word' id='word_1_51' title='bbox 1086 1918 1243 1986; x_wconf 86' lang='lat' dir='ltr'><strong>declinare,</strong></span> <span class='ocrx_word' id='word_1_52' title='bbox 1282 1922 1367 1976; x_wconf 87' lang='lat' dir='ltr'><strong>nulla</strong></span> <span class='ocrx_word' id='word_1_53' title='bbox 1401 1923 1557 1980; x_wconf 74' lang='lat' dir='ltr'><strong>mundana</strong></span> 
     </span>
     <span class='ocr_line' id='line_1_8' title="bbox 507 2004 1556 2077; baseline 0.006 -19"><span class='ocrx_word' id='word_1_54' title='bbox 507 2004 628 2058; x_wconf 83' lang='lat' dir='ltr'><strong>rationis</strong></span> <span class='ocrx_word' id='word_1_55' title='bbox 653 2010 860 2074; x_wconf 84' lang='lat' dir='ltr'><strong>argumentosa</strong></span> <span class='ocrx_word' id='word_1_56' title='bbox 883 2004 1030 2058; x_wconf 78' lang='lat' dir='ltr'><strong>subtilitas</strong></span> <span class='ocrx_word' id='word_1_57' title='bbox 1051 2022 1264 2076; x_wconf 79' lang='lat' dir='ltr'>usquequaque</span> <span class='ocrx_word' id='word_1_58' title='bbox 1283 2007 1392 2077; x_wconf 88' lang='lat' dir='ltr'><strong>poterit</strong></span> <span class='ocrx_word' id='word_1_59' title='bbox 1413 2016 1556 2075; x_wconf 84' lang='lat' dir='ltr'><strong>avertere,</strong></span> 
     </span>
     <span class='ocr_line' id='line_1_9' title="bbox 503 2088 1557 2159; baseline 0.007 -18"><span class='ocrx_word' id='word_1_60' title='bbox 503 2088 618 2159; x_wconf 86' lang='lat' dir='ltr'><strong>quando</strong></span> <span class='ocrx_word' id='word_1_61' title='bbox 637 2088 795 2142; x_wconf 90' lang='lat' dir='ltr'><strong>secundum</strong></span> <span class='ocrx_word' id='word_1_62' title='bbox 815 2088 920 2143; x_wconf 77' lang='lat' dir='ltr'><strong>divinar</strong></span> <span class='ocrx_word' id='word_1_63' title='bbox 938 2088 1139 2159; x_wconf 81' lang='lat' dir='ltr'><strong>dispositionis</strong></span> <span class='ocrx_word' id='word_1_64' title='bbox 1159 2090 1268 2144; x_wconf 86' lang='lat' dir='ltr'><strong>seriem</strong></span> <span class='ocrx_word' id='word_1_65' title='bbox 1287 2108 1341 2144; x_wconf 91' lang='lat' dir='ltr'><strong>suo</strong></span> <span class='ocrx_word' id='word_1_66' title='bbox 1367 2098 1557 2148; x_wconf 80' lang='lat' dir='ltr'><strong>revertuntur</strong></span> 
     </span>
     <span class='ocr_line' id='line_1_10' title="bbox 501 2172 1556 2243; baseline 0.005 -16"><span class='ocrx_word' id='word_1_67' title='bbox 501 2179 641 2242; x_wconf 87' lang='lat' dir='ltr'><strong>tempore,</strong></span> <span class='ocrx_word' id='word_1_68' title='bbox 662 2172 718 2226; x_wconf 92' lang='lat' dir='ltr'><strong>sibi</strong></span> <span class='ocrx_word' id='word_1_69' title='bbox 737 2172 884 2242; x_wconf 84' lang='lat' dir='ltr'><strong>deputatis</strong></span> <span class='ocrx_word' id='word_1_70' title='bbox 903 2178 990 2242; x_wconf 88' lang='lat' dir='ltr'><strong>atque</strong></span> <span class='ocrx_word' id='word_1_71' title='bbox 1009 2172 1161 2243; x_wconf 88' lang='lat' dir='ltr'><strong>dispositis</strong></span> <span class='ocrx_word' id='word_1_72' title='bbox 1186 2173 1403 2229; x_wconf 85' lang='lat' dir='ltr'><strong>dominicaliter</strong></span> <span class='ocrx_word' id='word_1_73' title='bbox 1421 2177 1556 2232; x_wconf 88' lang='lat' dir='ltr'><strong>terminis</strong></span> 
     </span>
     <span class='ocr_line' id='line_1_11' title="bbox 501 2256 1555 2327; baseline 0.006 -17"><span class='ocrx_word' id='word_1_74' title='bbox 501 2263 531 2311; x_wconf 92' lang='lat' dir='ltr'><strong>et</strong></span> <span class='ocrx_word' id='word_1_75' title='bbox 548 2257 709 2312; x_wconf 80' lang='lat' dir='ltr'><strong>eventibus.</strong></span> <span class='ocrx_word' id='word_1_76' title='bbox 749 2256 824 2310; x_wconf 86' lang='lat' dir='ltr'><strong>Cum</strong></span> <span class='ocrx_word' id='word_1_77' title='bbox 849 2274 920 2327; x_wconf 86' lang='lat' dir='ltr'><strong>ergo</strong></span> <span class='ocrx_word' id='word_1_78' title='bbox 938 2256 1077 2326; x_wconf 81' lang='lat' dir='ltr'><strong>Largitur</strong></span> <span class='ocrx_word' id='word_1_79' title='bbox 1105 2257 1247 2311; x_wconf 89' lang='lat' dir='ltr'><strong>bonorum</strong></span> <span class='ocrx_word' id='word_1_80' title='bbox 1274 2265 1305 2312; x_wconf 92' lang='lat' dir='ltr'><strong>et</strong></span> <span class='ocrx_word' id='word_1_81' title='bbox 1321 2259 1437 2314; x_wconf 83' lang='lat' dir='ltr'><strong>Auctor</strong></span> <span class='ocrx_word' id='word_1_82' title='bbox 1464 2262 1555 2316; x_wconf 89' lang='lat' dir='ltr'><strong>eecle-</strong></span> 
     </span>
     <span class='ocr_line' id='line_1_12' title="bbox 501 2340 1557 2412; baseline 0.005 -17"><span class='ocrx_word' id='word_1_83' title='bbox 501 2342 574 2395; x_wconf 86' lang='lat' dir='ltr'><strong>siam</strong></span> <span class='ocrx_word' id='word_1_84' title='bbox 600 2341 841 2396; x_wconf 83' lang='lat' dir='ltr'><strong>Cantauriensem</strong></span> <span class='ocrx_word' id='word_1_85' title='bbox 869 2359 886 2395; x_wconf 89' lang='lat' dir='ltr'><strong>a</strong></span> <span class='ocrx_word' id='word_1_86' title='bbox 911 2341 978 2395; x_wconf 74' lang='lat' dir='ltr'><strong>Sum</strong></span> <span class='ocrx_word' id='word_1_87' title='bbox 1006 2340 1163 2395; x_wconf 79' lang='lat' dir='ltr'><strong>erectionis</strong></span> <span class='ocrx_word' id='word_1_88' title='bbox 1190 2341 1361 2412; x_wconf 89' lang='lat' dir='ltr'><strong>primordio,</strong></span> <span class='ocrx_word' id='word_1_89' title='bbox 1387 2344 1501 2399; x_wconf 81' lang='lat' dir='ltr'><strong>crebris</strong></span> <span class='ocrx_word' id='word_1_90' title='bbox 1527 2352 1557 2400; x_wconf 85' lang='lat' dir='ltr'><strong>et</strong></span> 
     </span>
     <span class='ocr_line' id='line_1_13' title="bbox 500 2424 1556 2495; baseline 0.005 -17"><span class='ocrx_word' id='word_1_91' title='bbox 500 2427 560 2479; x_wconf 90' lang='lat' dir='ltr'><strong>fere</strong></span> <span class='ocrx_word' id='word_1_92' title='bbox 579 2426 724 2479; x_wconf 89' lang='lat' dir='ltr'><strong>continuis</strong></span> <span class='ocrx_word' id='word_1_93' title='bbox 743 2425 894 2495; x_wconf 83' lang='lat' dir='ltr'><strong>subjacere</strong></span> <span class='ocrx_word' id='word_1_94' title='bbox 912 2424 1096 2479; x_wconf 86' lang='lat' dir='ltr'><strong>tunsionibus</strong></span> <span class='ocrx_word' id='word_1_95' title='bbox 1115 2425 1366 2495; x_wconf 78' lang='lat' dir='ltr'><strong>praeordinaverit,</strong></span> <span class='ocrx_word' id='word_1_96' title='bbox 1389 2428 1432 2482; x_wconf 88' lang='lat' dir='ltr'><strong>ita</strong></span> <span class='ocrx_word' id='word_1_97' title='bbox 1458 2435 1556 2483; x_wconf 85' lang='lat' dir='ltr'><strong>tamen</strong></span> 
     </span>
     <span class='ocr_line' id='line_1_14' title="bbox 501 2508 1554 2579; baseline 0.005 -16"><span class='ocrx_word' id='word_1_98' title='bbox 501 2527 565 2563; x_wconf 86' lang='lat' dir='ltr'><strong>eam</strong></span> <span class='ocrx_word' id='word_1_99' title='bbox 595 2510 734 2564; x_wconf 85' lang='lat' dir='ltr'><strong>hactenus</strong></span> <span class='ocrx_word' id='word_1_100' title='bbox 765 2509 796 2563; x_wconf 91' lang='lat' dir='ltr'><strong>in</strong></span> <span class='ocrx_word' id='word_1_101' title='bbox 825 2510 897 2579; x_wconf 91' lang='lat' dir='ltr'><strong>ipsis</strong></span> <span class='ocrx_word' id='word_1_102' title='bbox 928 2508 1167 2564; x_wconf 82' lang='lat' dir='ltr'><strong>tribulationibus</strong></span> <span class='ocrx_word' id='word_1_103' title='bbox 1197 2509 1279 2564; x_wconf 89' lang='lat' dir='ltr'><strong>visus</strong></span> <span class='ocrx_word' id='word_1_104' title='bbox 1309 2516 1356 2565; x_wconf 90' lang='lat' dir='ltr'><strong>est</strong></span> <span class='ocrx_word' id='word_1_105' title='bbox 1381 2513 1554 2577; x_wconf 82' lang='lat' dir='ltr'><strong>consevisse,</strong></span> 
     </span>
     <span class='ocr_line' id='line_1_15' title="bbox 501 2593 1556 2667; baseline 0.005 -20"><span class='ocrx_word' id='word_1_106' title='bbox 501 2600 643 2664; x_wconf 86' lang='lat' dir='ltr'><strong>quatenus</strong></span> <span class='ocrx_word' id='word_1_107' title='bbox 670 2611 705 2647; x_wconf 87' lang='lat' dir='ltr'><strong>ex</strong></span> <span class='ocrx_word' id='word_1_108' title='bbox 729 2611 847 2648; x_wconf 89' lang='lat' dir='ltr'><strong>suarum</strong></span> <span class='ocrx_word' id='word_1_109' title='bbox 872 2593 990 2646; x_wconf 91' lang='lat' dir='ltr'><strong>cumulo</strong></span> <span class='ocrx_word' id='word_1_110' title='bbox 1016 2610 1132 2663; x_wconf 88' lang='lat' dir='ltr'><strong>semper</strong></span> <span class='ocrx_word' id='word_1_111' title='bbox 1159 2593 1374 2648; x_wconf 89' lang='lat' dir='ltr'><strong>incrementum</strong></span> <span class='ocrx_word' id='word_1_112' title='bbox 1399 2613 1556 2667; x_wconf 89' lang='lat' dir='ltr'><strong>conseque-</strong></span> 
     </span>
     <span class='ocr_line' id='line_1_16' title="bbox 500 2676 1569 2748; baseline 0.004 -17"><span class='ocrx_word' id='word_1_113' title='bbox 500 2685 582 2732; x_wconf 84' lang='lat' dir='ltr'><strong>retur</strong></span> <span class='ocrx_word' id='word_1_114' title='bbox 600 2685 630 2733; x_wconf 91' lang='lat' dir='ltr'><strong>et</strong></span> <span class='ocrx_word' id='word_1_115' title='bbox 648 2678 782 2748; x_wconf 85' lang='lat' dir='ltr'><strong>gloriam.</strong></span> <span class='ocrx_word' id='word_1_116' title='bbox 819 2678 902 2733; x_wconf 85' lang='lat' dir='ltr'><strong>Licet</strong></span> <span class='ocrx_word' id='word_1_117' title='bbox 917 2678 979 2747; x_wconf 85' lang='lat' dir='ltr'><strong>jam</strong></span> <span class='ocrx_word' id='word_1_118' title='bbox 1000 2676 1086 2732; x_wconf 86' lang='lat' dir='ltr'><strong>solito</strong></span> <span class='ocrx_word' id='word_1_119' title='bbox 1106 2677 1309 2731; x_wconf 87' lang='lat' dir='ltr'><strong>vehementius</strong></span> <span class='ocrx_word' id='word_1_120' title='bbox 1336 2678 1368 2731; x_wconf 93' lang='lat' dir='ltr'><strong>in</strong></span> <span class='ocrx_word' id='word_1_121' title='bbox 1388 2677 1458 2734; x_wconf 81' lang='lat' dir='ltr'><strong>Suis</strong></span> <span class='ocrx_word' id='word_1_122' title='bbox 1482 2686 1569 2735; x_wconf 88' lang='lat' dir='ltr'><strong>tem·-</strong></span> 
     </span>
     <span class='ocr_line' id='line_1_17' title="bbox 358 2760 1555 2834; baseline 0.003 -19"><span class='ocrx_word' id='word_1_123' title='bbox 358 2773 457 2819; x_wconf 70' lang='lat' dir='ltr'><strong>maer’.</strong></span> <span class='ocrx_word' id='word_1_124' title='bbox 500 2763 629 2834; x_wconf 87' lang='lat' dir='ltr'><strong>poribus,</strong></span> <span class='ocrx_word' id='word_1_125' title='bbox 662 2764 737 2817; x_wconf 87' lang='lat' dir='ltr'><strong>forte</strong></span> <span class='ocrx_word' id='word_1_126' title='bbox 768 2762 918 2816; x_wconf 88' lang='lat' dir='ltr'><strong>demeritis</strong></span> <span class='ocrx_word' id='word_1_127' title='bbox 954 2760 1064 2815; x_wconf 83' lang='lat' dir='ltr'><strong>nostris</strong></span> <span class='ocrx_word' id='word_1_128' title='bbox 1096 2761 1294 2831; x_wconf 85' lang='lat' dir='ltr'><strong>exigentibus,</strong></span> <span class='ocrx_word' id='word_1_129' title='bbox 1327 2761 1414 2816; x_wconf 88' lang='lat' dir='ltr'><strong>malis</strong></span> <span class='ocrx_word' id='word_1_130' title='bbox 1447 2764 1555 2818; x_wconf 89' lang='lat' dir='ltr'><strong>vallata</strong></span> 
     </span>
     <span class='ocr_line' id='line_1_18' title="bbox 335 2835 1552 2916; baseline 0.001 -17"><span class='ocrx_word' id='word_1_131' title='bbox 335 2835 399 2879; x_wconf 52' lang='grc' dir='ltr'><strong>ΠΜ</strong></span> <span class='ocrx_word' id='word_1_132' title='bbox 408 2838 463 2881; x_wconf 63' lang='lat' dir='ltr'><strong>*W</strong></span> <span class='ocrx_word' id='word_1_133' title='bbox 501 2846 591 2902; x_wconf 89' lang='lat' dir='ltr'><strong>suerit</strong></span> <span class='ocrx_word' id='word_1_134' title='bbox 603 2854 632 2901; x_wconf 90' lang='lat' dir='ltr'><strong>et</strong></span> <span class='ocrx_word' id='word_1_135' title='bbox 650 2846 805 2916; x_wconf 83' lang='lat' dir='ltr'><strong>angustiis,</strong></span> <span class='ocrx_word' id='word_1_136' title='bbox 820 2845 845 2899; x_wconf 88' lang='lat' dir='ltr'><strong>si</strong></span> <span class='ocrx_word' id='word_1_137' title='bbox 864 2844 952 2898; x_wconf 89' lang='lat' dir='ltr'><strong>fidem</strong></span> <span class='ocrx_word' id='word_1_138' title='bbox 970 2843 1160 2897; x_wconf 90' lang='lat' dir='ltr'><strong>habuerimus</strong></span> <span class='ocrx_word' id='word_1_139' title='bbox 1173 2850 1204 2897; x_wconf 91' lang='lat' dir='ltr'><strong>et</strong></span> <span class='ocrx_word' id='word_1_140' title='bbox 1215 2844 1337 2898; x_wconf 82' lang='lat' dir='ltr'><strong>unitatis</strong></span> <span class='ocrx_word' id='word_1_141' title='bbox 1350 2847 1552 2911; x_wconf 86' lang='lat' dir='ltr'><strong>constantiam,</strong></span> 
     </span>
    </p>
   </div>
   <div class='ocr_carea' id='block_1_4' title="bbox 329 2890 1553 3002">
    <p class='ocr_par' dir='ltr' id='par_1_4' title="bbox 329 2890 1553 3002">
     <span class='ocr_line' id='line_1_19' title="bbox 329 2890 1553 3002; baseline 0.005 -23"><span class='ocrx_word' id='word_1_142' title='bbox 329 2890 488 2991; x_wconf 47' lang='lat' dir='ltr'><strong>quqtqqqsqhe</strong></span> <span class='ocrx_word' id='word_1_143' title='bbox 501 2932 639 3002; x_wconf 87' lang='lat' dir='ltr'><strong>respiciet</strong></span> <span class='ocrx_word' id='word_1_144' title='bbox 675 2949 739 2984; x_wconf 86' lang='lat' dir='ltr'><strong>eam</strong></span> <span class='ocrx_word' id='word_1_145' title='bbox 781 2929 907 2999; x_wconf 87' lang='lat' dir='ltr'><strong>desuper</strong></span> <span class='ocrx_word' id='word_1_146' title='bbox 943 2928 1135 2997; x_wconf 87' lang='lat' dir='ltr'><strong>Omnipotens</strong></span> <span class='ocrx_word' id='word_1_147' title='bbox 1171 2928 1280 2998; x_wconf 84' lang='lat' dir='ltr'><strong>pietate</strong></span> <span class='ocrx_word' id='word_1_148' title='bbox 1313 2928 1410 2993; x_wconf 89' lang='lat' dir='ltr'><strong>solita,</strong></span> <span class='ocrx_word' id='word_1_149' title='bbox 1443 2931 1553 3002; x_wconf 82' lang='lat' dir='ltr'><strong>eritque</strong></span> 
     </span>
    </p>
   </div>
   <div class='ocr_carea' id='block_1_5' title="bbox 328 2988 1649 4679">
    <p class='ocr_par' dir='ltr' id='par_1_5' title="bbox 328 2988 1649 4679">
     <span class='ocr_line' id='line_1_20' title="bbox 332 2988 1649 3093; baseline -0.004 -24"><span class='ocrx_word' id='word_1_150' title='bbox 332 2988 446 3093; x_wconf 58' lang='lat' dir='ltr'><strong>{¹3ng</strong></span> <span class='ocrx_word' id='word_1_151' title='bbox 499 3016 583 3069; x_wconf 72' lang='lat' dir='ltr'><strong>noba</strong></span> <span class='ocrx_word' id='word_1_152' title='bbox 621 3016 711 3070; x_wconf 71' lang='lat' dir='ltr'><strong>aras</strong></span> <span class='ocrx_word' id='word_1_153' title='bbox 745 3013 926 3068; x_wconf 67' lang='lat' dir='ltr'><strong>fortitudinis</strong></span> <span class='ocrx_word' id='word_1_154' title='bbox 963 3030 981 3065; x_wconf 72' lang='lat' dir='ltr'><strong>a</strong></span> <span class='ocrx_word' id='word_1_155' title='bbox 1013 3012 1087 3066; x_wconf 68' lang='lat' dir='ltr'><strong>aaa</strong></span> <span class='ocrx_word' id='word_1_156' title='bbox 1123 3011 1330 3066; x_wconf 67' lang='lat' dir='ltr'><strong>mammas.</strong></span> <span class='ocrx_word' id='word_1_157' title='bbox 1381 3013 1649 3085; x_wconf 61' lang='lat' dir='ltr'><strong>enumquam</strong></span> 
     </span>
     <span class='ocr_line' id='line_1_21' title="bbox 500 3096 1552 3170; baseline 0 -16"><span class='ocrx_word' id='word_1_158' title='bbox 500 3100 620 3170; x_wconf 74' lang='lat' dir='ltr'><strong>gravius</strong></span> <span class='ocrx_word' id='word_1_159' title='bbox 646 3106 675 3153; x_wconf 91' lang='lat' dir='ltr'><strong>et</strong></span> <span class='ocrx_word' id='word_1_160' title='bbox 700 3098 856 3152; x_wconf 85' lang='lat' dir='ltr'><strong>immanius</strong></span> <span class='ocrx_word' id='word_1_161' title='bbox 883 3096 1016 3151; x_wconf 88' lang='lat' dir='ltr'><strong>tunditur</strong></span> <span class='ocrx_word' id='word_1_162' title='bbox 1044 3103 1075 3150; x_wconf 89' lang='lat' dir='ltr'><strong>et</strong></span> <span class='ocrx_word' id='word_1_163' title='bbox 1103 3096 1287 3167; x_wconf 82' lang='lat' dir='ltr'><strong>deprimitur,</strong></span> <span class='ocrx_word' id='word_1_164' title='bbox 1307 3103 1389 3152; x_wconf 87' lang='lat' dir='ltr'><strong>tanto</strong></span> <span class='ocrx_word' id='word_1_165' title='bbox 1415 3100 1552 3154; x_wconf 88' lang='lat' dir='ltr'><strong>celebrio-</strong></span> 
     </span>
     <span class='ocr_line' id='line_1_22' title="bbox 499 3180 1554 3254; baseline 0 -17"><span class='ocrx_word' id='word_1_166' title='bbox 499 3203 561 3238; x_wconf 86' lang='lat' dir='ltr'><strong>rem</strong></span> <span class='ocrx_word' id='word_1_167' title='bbox 588 3183 730 3237; x_wconf 88' lang='lat' dir='ltr'><strong>obtinebit</strong></span> <span class='ocrx_word' id='word_1_168' title='bbox 755 3181 908 3235; x_wconf 87' lang='lat' dir='ltr'><strong>vietoriam</strong></span> <span class='ocrx_word' id='word_1_169' title='bbox 935 3187 964 3234; x_wconf 94' lang='lat' dir='ltr'><strong>et</strong></span> <span class='ocrx_word' id='word_1_170' title='bbox 989 3180 1211 3246; x_wconf 67' lang='lat' dir='ltr'><strong>exaltationem</strong></span> <span class='ocrx_word' id='word_1_171' title='bbox 1237 3181 1330 3235; x_wconf 88' lang='lat' dir='ltr'><strong>instar</strong></span> <span class='ocrx_word' id='word_1_172' title='bbox 1352 3182 1438 3250; x_wconf 88' lang='lat' dir='ltr'><strong>justi,</strong></span> <span class='ocrx_word' id='word_1_173' title='bbox 1467 3201 1554 3254; x_wconf 87' lang='lat' dir='ltr'><strong>quem</strong></span> 
     </span>
     <span class='ocr_line' id='line_1_23' title="bbox 498 3263 1553 3338; baseline 0 -17"><span class='ocrx_word' id='word_1_174' title='bbox 498 3269 672 3338; x_wconf 88' lang='lat' dir='ltr'><strong>plerumque</strong></span> <span class='ocrx_word' id='word_1_175' title='bbox 697 3265 800 3321; x_wconf 88' lang='lat' dir='ltr'><strong>eadere</strong></span> <span class='ocrx_word' id='word_1_176' title='bbox 820 3265 966 3335; x_wconf 88' lang='lat' dir='ltr'><strong>permittit</strong></span> <span class='ocrx_word' id='word_1_177' title='bbox 985 3263 1177 3333; x_wconf 90' lang='lat' dir='ltr'><strong>Omnipotens</strong></span> <span class='ocrx_word' id='word_1_178' title='bbox 1204 3270 1234 3318; x_wconf 93' lang='lat' dir='ltr'><strong>et</strong></span> <span class='ocrx_word' id='word_1_179' title='bbox 1262 3265 1410 3335; x_wconf 82' lang='lat' dir='ltr'><strong>frequenti</strong></span> <span class='ocrx_word' id='word_1_180' title='bbox 1438 3267 1553 3322; x_wconf 90' lang='lat' dir='ltr'><strong>concuti</strong></span> 
     </span>
     <span class='ocr_line' id='line_1_24' title="bbox 499 3347 1553 3421; baseline 0 -15"><span class='ocrx_word' id='word_1_181' title='bbox 499 3352 710 3415; x_wconf 80' lang='lat' dir='ltr'><strong>molestatione,</strong></span> <span class='ocrx_word' id='word_1_182' title='bbox 735 3356 878 3420; x_wconf 87' lang='lat' dir='ltr'><strong>quatenus</strong></span> <span class='ocrx_word' id='word_1_183' title='bbox 903 3349 934 3401; x_wconf 91' lang='lat' dir='ltr'><strong>in</strong></span> <span class='ocrx_word' id='word_1_184' title='bbox 952 3347 1008 3401; x_wconf 89' lang='lat' dir='ltr'><strong>Dei</strong></span> <span class='ocrx_word' id='word_1_185' title='bbox 1032 3349 1138 3402; x_wconf 90' lang='lat' dir='ltr'><strong>timore</strong></span> <span class='ocrx_word' id='word_1_186' title='bbox 1158 3354 1188 3402; x_wconf 92' lang='lat' dir='ltr'><strong>et</strong></span> <span class='ocrx_word' id='word_1_187' title='bbox 1214 3349 1319 3403; x_wconf 81' lang='lat' dir='ltr'><strong>fortius</strong></span> <span class='ocrx_word' id='word_1_188' title='bbox 1351 3358 1498 3421; x_wconf 82' lang='lat' dir='ltr'><strong>resurgat,</strong></span> <span class='ocrx_word' id='word_1_189' title='bbox 1524 3357 1553 3406; x_wconf 89' lang='lat' dir='ltr'><strong>et</strong></span> 
     </span>
     <span class='ocr_line' id='line_1_25' title="bbox 498 3432 1550 3506; baseline 0.001 -18"><span class='ocrx_word' id='word_1_190' title='bbox 498 3437 535 3489; x_wconf 88' lang='lat' dir='ltr'><strong>ad</strong></span> <span class='ocrx_word' id='word_1_191' title='bbox 565 3453 695 3506; x_wconf 75' lang='lat' dir='ltr'><strong>pugnarn</strong></span> <span class='ocrx_word' id='word_1_192' title='bbox 728 3433 883 3504; x_wconf 89' lang='lat' dir='ltr'><strong>providum</strong></span> <span class='ocrx_word' id='word_1_193' title='bbox 918 3449 949 3486; x_wconf 90' lang='lat' dir='ltr'><strong>se</strong></span> <span class='ocrx_word' id='word_1_194' title='bbox 979 3432 1122 3501; x_wconf 83' lang='lat' dir='ltr'><strong>rependat</strong></span> <span class='ocrx_word' id='word_1_195' title='bbox 1145 3437 1175 3486; x_wconf 86' lang='lat' dir='ltr'><strong>et</strong></span> <span class='ocrx_word' id='word_1_196' title='bbox 1201 3433 1378 3502; x_wconf 83' lang='lat' dir='ltr'><strong>expeditum.</strong></span> <span class='ocrx_word' id='word_1_197' title='bbox 1428 3434 1550 3499; x_wconf 89' lang='lat' dir='ltr'><strong>Verum,</strong></span> 
     </span>
     <span class='ocr_line' id='line_1_26' title="bbox 500 3516 1550 3590; baseline 0.001 -17"><span class='ocrx_word' id='word_1_198' title='bbox 500 3526 658 3590; x_wconf 73' lang='lat' dir='ltr'><strong>expectatio</strong></span> <span class='ocrx_word' id='word_1_199' title='bbox 684 3518 794 3587; x_wconf 90' lang='lat' dir='ltr'><strong>diuque</strong></span> <span class='ocrx_word' id='word_1_200' title='bbox 822 3517 995 3571; x_wconf 75' lang='lat' dir='ltr'><strong>desiderata</strong></span> <span class='ocrx_word' id='word_1_201' title='bbox 1025 3516 1231 3570; x_wconf 85' lang='lat' dir='ltr'><strong>consolationis</strong></span> <span class='ocrx_word' id='word_1_202' title='bbox 1261 3517 1394 3571; x_wconf 88' lang='lat' dir='ltr'><strong>remedia</strong></span> <span class='ocrx_word' id='word_1_203' title='bbox 1421 3520 1448 3571; x_wconf 85' lang='lat' dir='ltr'><strong>si</strong></span> <span class='ocrx_word' id='word_1_204' title='bbox 1472 3520 1550 3574; x_wconf 85' lang='lat' dir='ltr'><strong>diffe-</strong></span> 
     </span>
     <span class='ocr_line' id='line_1_27' title="bbox 499 3599 1551 3672; baseline 0.002 -16"><span class='ocrx_word' id='word_1_205' title='bbox 499 3613 610 3666; x_wconf 83' lang='lat' dir='ltr'><strong>rant-ur,</strong></span> <span class='ocrx_word' id='word_1_206' title='bbox 632 3621 690 3655; x_wconf 89' lang='lat' dir='ltr'><strong>nou</strong></span> <span class='ocrx_word' id='word_1_207' title='bbox 709 3603 891 3655; x_wconf 81' lang='lat' dir='ltr'><strong>auferuntur.</strong></span> <span class='ocrx_word' id='word_1_208' title='bbox 933 3599 1055 3653; x_wconf 86' lang='lat' dir='ltr'><strong>“Grata</strong></span> <span class='ocrx_word' id='word_1_209' title='bbox 1072 3600 1230 3669; x_wconf 87' lang='lat' dir='ltr'><strong>namque,”</strong></span> <span class='ocrx_word' id='word_1_210' title='bbox 1256 3600 1356 3654; x_wconf 88' lang='lat' dir='ltr'><strong>divina</strong></span> <span class='ocrx_word' id='word_1_211' title='bbox 1378 3609 1551 3672; x_wconf 86' lang='lat' dir='ltr'><strong>procurante</strong></span> 
     </span>
     <span class='ocr_line' id='line_1_28' title="bbox 499 3684 1639 3761; baseline 0.004 -22"><span class='ocrx_word' id='word_1_212' title='bbox 499 3687 663 3748; x_wconf 87' lang='lat' dir='ltr'><strong>clementia,</strong></span> <span class='ocrx_word' id='word_1_213' title='bbox 680 3687 698 3710; x_wconf 89' lang='lat'>“</span> <span class='ocrx_word' id='word_1_214' title='bbox 709 3685 903 3755; x_wconf 87' lang='lat' dir='ltr'><strong>superveniet,</strong></span> <span class='ocrx_word' id='word_1_215' title='bbox 918 3702 983 3754; x_wconf 71' lang='lat' dir='ltr'><strong>quse</strong></span> <span class='ocrx_word' id='word_1_216' title='bbox 996 3700 1054 3736; x_wconf 87' lang='lat' dir='ltr'><strong>non</strong></span> <span class='ocrx_word' id='word_1_217' title='bbox 1067 3684 1233 3753; x_wconf 88' lang='lat' dir='ltr'><strong>sperabitur</strong></span> <span class='ocrx_word' id='word_1_218' title='bbox 1244 3684 1346 3748; x_wconf 87' lang='lat' dir='ltr'><strong>hora‚’&#39;</strong></span> <span class='ocrx_word' id='word_1_219' title='bbox 1361 3705 1427 3755; x_wconf 74' lang='lat' dir='ltr'><strong>quar</strong></span> <span class='ocrx_word' id='word_1_220' title='bbox 1440 3687 1552 3742; x_wconf 87' lang='lat' dir='ltr'><strong>luctum</strong></span> <span class='ocrx_word' id='word_1_221' title='bbox 1563 3702 1639 3761; x_wconf 66' lang='lat' dir='ltr'><strong>noue.</strong></span> 
     </span>
     <span class='ocr_line' id='line_1_29' title="bbox 497 3747 1642 3848; baseline 0.001 -23"><span class='ocrx_word' id='word_1_222' title='bbox 497 3777 630 3825; x_wconf 85' lang='lat' dir='ltr'><strong>nostrum</strong></span> <span class='ocrx_word' id='word_1_223' title='bbox 652 3775 802 3823; x_wconf 87' lang='lat' dir='ltr'><strong>convertet</strong></span> <span class='ocrx_word' id='word_1_224' title='bbox 828 3769 859 3821; x_wconf 88' lang='lat' dir='ltr'><strong>in</strong></span> <span class='ocrx_word' id='word_1_225' title='bbox 886 3768 1036 3838; x_wconf 83' lang='lat' dir='ltr'><strong>gaudium,</strong></span> <span class='ocrx_word' id='word_1_226' title='bbox 1058 3768 1120 3822; x_wconf 92' lang='lat' dir='ltr'><strong>dies</strong></span> <span class='ocrx_word' id='word_1_227' title='bbox 1146 3769 1281 3822; x_wconf 86' lang='lat' dir='ltr'><strong>moeroris</strong></span> <span class='ocrx_word' id='word_1_228' title='bbox 1308 3776 1339 3822; x_wconf 92' lang='lat' dir='ltr'><strong>et</strong></span> <span class='ocrx_word' id='word_1_229' title='bbox 1363 3771 1550 3827; x_wconf 90' lang='lat' dir='ltr'><strong>desolationis</strong></span> <span class='ocrx_word' id='word_1_230' title='bbox 1561 3747 1642 3848; x_wconf 54' lang='lat' dir='ltr'><strong>{lm</strong></span> 
     </span>
     <span class='ocr_line' id='line_1_30' title="bbox 489 3852 1549 3923; baseline 0.002 -15"><span class='ocrx_word' id='word_1_231' title='bbox 489 3855 624 3909; x_wconf 77' lang='lat' dir='ltr'><strong>&#39;mutabit</strong></span> <span class='ocrx_word' id='word_1_232' title='bbox 650 3854 681 3907; x_wconf 89' lang='lat' dir='ltr'><strong>in</strong></span> <span class='ocrx_word' id='word_1_233' title='bbox 706 3852 868 3923; x_wconf 89' lang='lat' dir='ltr'><strong>tripudium</strong></span> <span class='ocrx_word' id='word_1_234' title='bbox 896 3859 926 3907; x_wconf 90' lang='lat' dir='ltr'><strong>et</strong></span> <span class='ocrx_word' id='word_1_235' title='bbox 956 3852 1172 3906; x_wconf 83' lang='lat' dir='ltr'><strong>exultationem.</strong></span> <span class='ocrx_word' id='word_1_236' title='bbox 1210 3853 1296 3907; x_wconf 86' lang='lat' dir='ltr'><strong>Licet</strong></span> <span class='ocrx_word' id='word_1_237' title='bbox 1321 3871 1392 3908; x_wconf 89' lang='lat' dir='ltr'><strong>vero</strong></span> <span class='ocrx_word' id='word_1_238' title='bbox 1419 3857 1549 3910; x_wconf 89' lang='lat' dir='ltr'><strong>votivum</strong></span> 
     </span>
     <span class='ocr_line' id='line_1_31' title="bbox 498 3935 1549 4008; baseline 0.001 -16"><span class='ocrx_word' id='word_1_239' title='bbox 498 3939 626 3993; x_wconf 89' lang='lat' dir='ltr'><strong>nondum</strong></span> <span class='ocrx_word' id='word_1_240' title='bbox 663 3938 824 3990; x_wconf 88' lang='lat' dir='ltr'><strong>meruimus</strong></span> <span class='ocrx_word' id='word_1_241' title='bbox 854 3944 1004 4007; x_wconf 85' lang='lat' dir='ltr'><strong>reportare</strong></span> <span class='ocrx_word' id='word_1_242' title='bbox 1041 3935 1229 4000; x_wconf 88' lang='lat' dir='ltr'><strong>desiderium,</strong></span> <span class='ocrx_word' id='word_1_243' title='bbox 1262 3938 1316 3991; x_wconf 89' lang='lat' dir='ltr'><strong>sub</strong></span> <span class='ocrx_word' id='word_1_244' title='bbox 1352 3941 1549 4008; x_wconf 81' lang='lat' dir='ltr'><strong>expectatione</strong></span> 
     </span>
     <span class='ocr_line' id='line_1_32' title="bbox 498 4021 1549 4094; baseline 0.002 -17"><span class='ocrx_word' id='word_1_245' title='bbox 498 4031 596 4078; x_wconf 87' lang='lat' dir='ltr'><strong>tamen</strong></span> <span class='ocrx_word' id='word_1_246' title='bbox 615 4022 691 4075; x_wconf 87' lang='lat' dir='ltr'><strong>bona</strong></span> <span class='ocrx_word' id='word_1_247' title='bbox 711 4027 827 4091; x_wconf 87' lang='lat' dir='ltr'><strong>tempus</strong></span> <span class='ocrx_word' id='word_1_248' title='bbox 849 4021 1056 4091; x_wconf 86' lang='lat' dir='ltr'><strong>protrahimus,</strong></span> <span class='ocrx_word' id='word_1_249' title='bbox 1080 4037 1161 4089; x_wconf 90' lang='lat' dir='ltr'><strong>spem</strong></span> <span class='ocrx_word' id='word_1_250' title='bbox 1182 4029 1292 4075; x_wconf 85' lang='lat' dir='ltr'><strong>certam</strong></span> <span class='ocrx_word' id='word_1_251' title='bbox 1312 4021 1453 4078; x_wconf 87' lang='lat' dir='ltr'><strong>babentes</strong></span> <span class='ocrx_word' id='word_1_252' title='bbox 1473 4024 1549 4094; x_wconf 89' lang='lat' dir='ltr'><strong>quod</strong></span> 
     </span>
     <span class='ocr_line' id='line_1_33' title="bbox 499 4103 1548 4176; baseline 0 -15"><span class='ocrx_word' id='word_1_253' title='bbox 499 4106 617 4176; x_wconf 84' lang='lat' dir='ltr'><strong>aliquod</strong></span> <span class='ocrx_word' id='word_1_254' title='bbox 636 4105 718 4159; x_wconf 90' lang='lat' dir='ltr'><strong>vobis</strong></span> <span class='ocrx_word' id='word_1_255' title='bbox 741 4105 968 4158; x_wconf 87' lang='lat' dir='ltr'><strong>consolatorium</strong></span> <span class='ocrx_word' id='word_1_256' title='bbox 992 4104 1023 4156; x_wconf 87' lang='lat' dir='ltr'><strong>in</strong></span> <span class='ocrx_word' id='word_1_257' title='bbox 1048 4103 1181 4174; x_wconf 88' lang='lat' dir='ltr'><strong>proximo</strong></span> <span class='ocrx_word' id='word_1_258' title='bbox 1206 4103 1427 4161; x_wconf 88' lang='lat' dir='ltr'><strong>destinabimus.</strong></span> <span class='ocrx_word' id='word_1_259' title='bbox 1474 4109 1548 4161; x_wconf 84' lang='lat' dir='ltr'><strong>Mul·</strong></span> 
     </span>
     <span class='ocr_line' id='line_1_34' title="bbox 329 4188 1546 4262; baseline 0.001 -17"><span class='ocrx_word' id='word_1_260' title='bbox 329 4210 372 4254; x_wconf 79' lang='lat' dir='ltr'><strong>we</strong></span> <span class='ocrx_word' id='word_1_261' title='bbox 381 4212 439 4256; x_wconf 59' lang='lat' dir='ltr'><strong>hm</strong></span> <span class='ocrx_word' id='word_1_262' title='bbox 498 4192 585 4245; x_wconf 88' lang='lat' dir='ltr'><strong>toties</strong></span> <span class='ocrx_word' id='word_1_263' title='bbox 604 4207 728 4259; x_wconf 85' lang='lat' dir='ltr'><strong>namquo</strong></span> <span class='ocrx_word' id='word_1_264' title='bbox 742 4188 891 4242; x_wconf 87' lang='lat' dir='ltr'><strong>dominum</strong></span> <span class='ocrx_word' id='word_1_265' title='bbox 910 4206 1015 4258; x_wconf 88' lang='lat' dir='ltr'><strong>papam</strong></span> <span class='ocrx_word' id='word_1_266' title='bbox 1028 4205 1117 4257; x_wconf 86' lang='lat' dir='ltr'><strong>super</strong></span> <span class='ocrx_word' id='word_1_267' title='bbox 1134 4189 1254 4258; x_wconf 82' lang='lat' dir='ltr'><strong>negotio</strong></span> <span class='ocrx_word' id='word_1_268' title='bbox 1265 4196 1365 4243; x_wconf 89' lang='lat' dir='ltr'><strong>nostro</strong></span> <span class='ocrx_word' id='word_1_269' title='bbox 1377 4198 1546 4262; x_wconf 85' lang='lat' dir='ltr'><strong>opportune,</strong></span> 
     </span>
     <span class='ocr_line' id='line_1_35' title="bbox 330 4265 1546 4356; baseline 0.001 -28"><span class='ocrx_word' id='word_1_270' title='bbox 330 4265 447 4356; x_wconf 47' lang='grc' dir='ltr'><strong>ἳξζᾙὲά</strong></span> <span class='ocrx_word' id='word_1_271' title='bbox 499 4277 674 4346; x_wconf 88' lang='lat' dir='ltr'><strong>importune,</strong></span> <span class='ocrx_word' id='word_1_272' title='bbox 703 4279 766 4327; x_wconf 91' lang='lat' dir='ltr'><strong>tum</strong></span> <span class='ocrx_word' id='word_1_273' title='bbox 796 4273 826 4326; x_wconf 91' lang='lat' dir='ltr'><strong>in</strong></span> <span class='ocrx_word' id='word_1_274' title='bbox 857 4271 983 4342; x_wconf 88' lang='lat' dir='ltr'><strong>publice,</strong></span> <span class='ocrx_word' id='word_1_275' title='bbox 1009 4279 1073 4326; x_wconf 88' lang='lat' dir='ltr'><strong>tum</strong></span> <span class='ocrx_word' id='word_1_276' title='bbox 1107 4272 1137 4324; x_wconf 90' lang='lat' dir='ltr'><strong>in</strong></span> <span class='ocrx_word' id='word_1_277' title='bbox 1165 4272 1280 4326; x_wconf 86' lang='lat' dir='ltr'><strong>occulto</strong></span> <span class='ocrx_word' id='word_1_278' title='bbox 1306 4276 1496 4329; x_wconf 85' lang='lat' dir='ltr'><strong>convenimus</strong></span> <span class='ocrx_word' id='word_1_279' title='bbox 1519 4276 1546 4329; x_wconf 90' lang='lat' dir='ltr'><strong>in</strong></span> 
     </span>
     <span class='ocr_line' id='line_1_36' title="bbox 329 4356 1547 4432; baseline 0.008 -28"><span class='ocrx_word' id='word_1_280' title='bbox 329 4362 472 4408; x_wconf 66' lang='lat' dir='ltr'><strong>emeseno</strong></span> <span class='ocrx_word' id='word_1_281' title='bbox 498 4361 612 4432; x_wconf 79' lang='lat' dir='ltr'><strong>gemitu</strong></span> <span class='ocrx_word' id='word_1_282' title='bbox 630 4364 660 4412; x_wconf 87' lang='lat' dir='ltr'><strong>ot</strong></span> <span class='ocrx_word' id='word_1_283' title='bbox 683 4358 831 4428; x_wconf 88' lang='lat' dir='ltr'><strong>lacrymis,</strong></span> <span class='ocrx_word' id='word_1_284' title='bbox 853 4356 1050 4427; x_wconf 85' lang='lat' dir='ltr'><strong>supplicantes</strong></span> <span class='ocrx_word' id='word_1_285' title='bbox 1071 4362 1214 4424; x_wconf 87' lang='lat' dir='ltr'><strong>quatenus</strong></span> <span class='ocrx_word' id='word_1_286' title='bbox 1233 4375 1298 4427; x_wconf 85' lang='lat' dir='ltr'><strong>quae</strong></span> <span class='ocrx_word' id='word_1_287' title='bbox 1322 4357 1358 4410; x_wconf 92' lang='lat' dir='ltr'><strong>de</strong></span> <span class='ocrx_word' id='word_1_288' title='bbox 1377 4361 1547 4414; x_wconf 87' lang='lat' dir='ltr'><strong>auctoritate</strong></span> 
     </span>
     <span class='ocr_line' id='line_1_37' title="bbox 329 4415 1548 4516; baseline -0.001 -18"><span class='ocrx_word' id='word_1_289' title='bbox 329 4415 476 4515; x_wconf 52' lang='lat' dir='ltr'><strong>l&#39;ffjagffiim</strong></span> <span class='ocrx_word' id='word_1_290' title='bbox 498 4444 721 4516; x_wconf 66' lang='lat' dir='ltr'><strong>predecessoris</strong></span> <span class='ocrx_word' id='word_1_291' title='bbox 741 4443 787 4496; x_wconf 87' lang='lat' dir='ltr'><strong>sui</strong></span> <span class='ocrx_word' id='word_1_292' title='bbox 807 4448 836 4495; x_wconf 87' lang='lat' dir='ltr'><strong>et</strong></span> <span class='ocrx_word' id='word_1_293' title='bbox 854 4440 1000 4493; x_wconf 85' lang='lat' dir='ltr'><strong>communi</strong></span> <span class='ocrx_word' id='word_1_294' title='bbox 1022 4439 1215 4493; x_wconf 85' lang='lat' dir='ltr'><strong>cardinalium</strong></span> <span class='ocrx_word' id='word_1_295' title='bbox 1233 4440 1443 4510; x_wconf 86' lang='lat' dir='ltr'><strong>disceptatione</strong></span> <span class='ocrx_word' id='word_1_296' title='bbox 1463 4462 1548 4514; x_wconf 85' lang='lat' dir='ltr'><strong>super</strong></span> 
     </span>
     <span class='ocr_line' id='line_1_38' title="bbox 328 4524 1547 4607; baseline -0.001 -27"><span class='ocrx_word' id='word_1_297' title='bbox 328 4524 465 4607; x_wconf 41' lang='lat' dir='ltr'><strong>ssssfi‘ffilfgss</strong></span> <span class='ocrx_word' id='word_1_298' title='bbox 498 4547 593 4581; x_wconf 65' lang='lat' dir='ltr'><strong>causas</strong></span> <span class='ocrx_word' id='word_1_299' title='bbox 612 4533 719 4580; x_wconf 72' lang='lat' dir='ltr'><strong>nostrai</strong></span> <span class='ocrx_word' id='word_1_300' title='bbox 731 4527 920 4579; x_wconf 82' lang='lat' dir='ltr'><strong>ventilatione</strong></span> <span class='ocrx_word' id='word_1_301' title='bbox 934 4531 1147 4594; x_wconf 79' lang='lat' dir='ltr'><strong>processerant,</strong></span> <span class='ocrx_word' id='word_1_302' title='bbox 1162 4542 1247 4576; x_wconf 79' lang='lat' dir='ltr'><strong>sirum</strong></span> <span class='ocrx_word' id='word_1_303' title='bbox 1265 4525 1406 4577; x_wconf 84' lang='lat' dir='ltr'><strong>haberent</strong></span> <span class='ocrx_word' id='word_1_304' title='bbox 1417 4527 1547 4597; x_wconf 80' lang='lat' dir='ltr'><strong>vigerem</strong></span> 
     </span>
     <span class='ocr_line' id='line_1_39' title="bbox 328 4597 1545 4679; baseline -0.001 -15"><span class='ocrx_word' id='word_1_305' title='bbox 328 4597 446 4658; x_wconf 59' lang='lat' dir='ltr'><strong>ssssswviul</strong></span> <span class='ocrx_word' id='word_1_306' title='bbox 499 4618 529 4665; x_wconf 88' lang='lat' dir='ltr'><strong>et</strong></span> <span class='ocrx_word' id='word_1_307' title='bbox 548 4613 692 4665; x_wconf 69' lang='lat' dir='ltr'><strong>ellectum.</strong></span> <span class='ocrx_word' id='word_1_308' title='bbox 730 4610 796 4678; x_wconf 68' lang='lat' dir='ltr'><strong>Ipso</strong></span> <span class='ocrx_word' id='word_1_309' title='bbox 808 4627 878 4663; x_wconf 81' lang='lat' dir='ltr'><strong>vero</strong></span> <span class='ocrx_word' id='word_1_310' title='bbox 898 4610 968 4661; x_wconf 82' lang='lat' dir='ltr'><strong>sutis</strong></span> <span class='ocrx_word' id='word_1_311' title='bbox 989 4608 1147 4675; x_wconf 74' lang='lat' dir='ltr'><strong>benignum</strong></span> <span class='ocrx_word' id='word_1_312' title='bbox 1166 4608 1249 4660; x_wconf 86' lang='lat' dir='ltr'><strong>uobis</strong></span> <span class='ocrx_word' id='word_1_313' title='bbox 1262 4608 1349 4660; x_wconf 87' lang='lat' dir='ltr'><strong>dabat</strong></span> <span class='ocrx_word' id='word_1_314' title='bbox 1366 4627 1545 4679; x_wconf 79' lang='lat' dir='ltr'><strong>responsum,</strong></span> 
     </span>
    </p>
   </div>
   <div class='ocr_carea' id='block_1_6' title="bbox 328 4661 1548 4764">
    <p class='ocr_par' dir='ltr' id='par_1_6' title="bbox 328 4661 1548 4764">
     <span class='ocr_line' id='line_1_40' title="bbox 328 4661 1548 4764; baseline -0.001 -15"><span class='ocrx_word' id='word_1_315' title='bbox 328 4661 416 4715; x_wconf 72' lang='lat' dir='ltr'><strong>aindly.</strong></span> <span class='ocrx_word' id='word_1_316' title='bbox 500 4697 598 4750; x_wconf 85' lang='lat' dir='ltr'><strong>diceus</strong></span> <span class='ocrx_word' id='word_1_317' title='bbox 625 4714 655 4749; x_wconf 76' lang='lat' dir='ltr'><strong>se</strong></span> <span class='ocrx_word' id='word_1_318' title='bbox 676 4713 764 4764; x_wconf 78' lang='lat' dir='ltr'><strong>auper-</strong></span> <span class='ocrx_word' id='word_1_319' title='bbox 791 4694 845 4746; x_wconf 88' lang='lat' dir='ltr'><strong>hoe</strong></span> <span class='ocrx_word' id='word_1_320' title='bbox 871 4711 938 4745; x_wconf 85' lang='lat' dir='ltr'><strong>euru</strong></span> <span class='ocrx_word' id='word_1_321' title='bbox 965 4692 1104 4744; x_wconf 79' lang='lat' dir='ltr'><strong>fratribus</strong></span> <span class='ocrx_word' id='word_1_322' title='bbox 1131 4693 1191 4744; x_wconf 78' lang='lat' dir='ltr'><strong>suis</strong></span> <span class='ocrx_word' id='word_1_323' title='bbox 1216 4692 1293 4746; x_wconf 64' lang='lat' dir='ltr'><strong>,velle</strong></span> <span class='ocrx_word' id='word_1_324' title='bbox 1320 4691 1491 4758; x_wconf 87' lang='lat' dir='ltr'><strong>deliberare,</strong></span> <span class='ocrx_word' id='word_1_325' title='bbox 1520 4705 1548 4748; x_wconf 89' lang='lat' dir='ltr'><strong>et</strong></span> 
     </span>
    </p>
   </div>
   <div class='ocr_carea' id='block_1_7' title="bbox 497 4857 1547 5143">
    <p class='ocr_par' dir='ltr' id='par_1_7' title="bbox 497 4857 1547 5143">
     <span class='ocr_line' id='line_1_41' title="bbox 532 4857 1547 4924; baseline -0.001 -14"><span class='ocrx_word' id='word_1_326' title='bbox 532 4864 537 4891; x_wconf 91' lang='lat'>¹</span> <span class='ocrx_word' id='word_1_327' title='bbox 558 4862 612 4910; x_wconf 82' lang='lat' dir='ltr'><strong>&#39;she</strong></span> <span class='ocrx_word' id='word_1_328' title='bbox 624 4861 677 4909; x_wconf 85' lang='lat' dir='ltr'><strong>first</strong></span> <span class='ocrx_word' id='word_1_329' title='bbox 688 4868 744 4923; x_wconf 86' lang='lat' dir='ltr'><strong>part</strong></span> <span class='ocrx_word' id='word_1_330' title='bbox 756 4860 785 4906; x_wconf 89' lang='lat' dir='ltr'><strong>of</strong></span> <span class='ocrx_word' id='word_1_331' title='bbox 800 4859 851 4907; x_wconf 83' lang='lat' dir='ltr'><strong>this</strong></span> <span class='ocrx_word' id='word_1_332' title='bbox 862 4860 935 4908; x_wconf 90' lang='lat' dir='ltr'><strong>letter</strong></span> <span class='ocrx_word' id='word_1_333' title='bbox 952 4859 997 4906; x_wconf 87' lang='lat' dir='ltr'><strong>bus</strong></span> <span class='ocrx_word' id='word_1_334' title='bbox 1049 4858 1110 4906; x_wconf 68' lang='lat' dir='ltr'><strong>reth</strong></span> <span class='ocrx_word' id='word_1_335' title='bbox 1129 4857 1159 4905; x_wconf 84' lang='lat' dir='ltr'><strong>os</strong></span> <span class='ocrx_word' id='word_1_336' title='bbox 1172 4857 1322 4917; x_wconf 85' lang='lat' dir='ltr'><strong>November,</strong></span> <span class='ocrx_word' id='word_1_337' title='bbox 1333 4860 1407 4908; x_wconf 79' lang='lat' dir='ltr'><strong>when</strong></span> <span class='ocrx_word' id='word_1_338' title='bbox 1428 4861 1472 4909; x_wconf 85' lang='lat' dir='ltr'><strong>the</strong></span> <span class='ocrx_word' id='word_1_339' title='bbox 1488 4876 1547 4924; x_wconf 88' lang='lat' dir='ltr'><strong>pope</strong></span> 
     </span>
     <span class='ocr_line' id='line_1_42' title="bbox 498 4934 1547 4997; baseline 0.005 -13"><span class='ocrx_word' id='word_1_340' title='bbox 498 4939 559 4985; x_wconf 91' lang='lat' dir='ltr'><strong>been</strong></span> <span class='ocrx_word' id='word_1_341' title='bbox 572 4938 669 4986; x_wconf 86' lang='lat' dir='ltr'><strong>effaeed</strong></span> <span class='ocrx_word' id='word_1_342' title='bbox 680 4936 741 4984; x_wconf 81' lang='lat' dir='ltr'><strong>with</strong></span> <span class='ocrx_word' id='word_1_343' title='bbox 759 4934 807 4982; x_wconf 83' lang='lat' dir='ltr'><strong>oak</strong></span> <span class='ocrx_word' id='word_1_344' title='bbox 820 4935 893 4997; x_wconf 76' lang='lat' dir='ltr'><strong>galle.</strong></span> <span class='ocrx_word' id='word_1_345' title='bbox 904 4951 932 4984; x_wconf 82' lang='lat' dir='ltr'><strong>so</strong></span> <span class='ocrx_word' id='word_1_346' title='bbox 944 4934 998 4983; x_wconf 87' lang='lat' dir='ltr'><strong>tlrat</strong></span> <span class='ocrx_word' id='word_1_347' title='bbox 1048 4953 1100 4985; x_wconf 80' lang='lat' dir='ltr'><strong>was</strong></span> <span class='ocrx_word' id='word_1_348' title='bbox 1111 4945 1136 4985; x_wconf 88' lang='lat' dir='ltr'><strong>at</strong></span> <span class='ocrx_word' id='word_1_349' title='bbox 1148 4937 1248 4995; x_wconf 86' lang='lat' dir='ltr'><strong>Pamre,</strong></span> <span class='ocrx_word' id='word_1_350' title='bbox 1260 4939 1310 4986; x_wconf 90' lang='lat' dir='ltr'><strong>and</strong></span> <span class='ocrx_word' id='word_1_351' title='bbox 1322 4939 1364 4988; x_wconf 84' lang='lat' dir='ltr'><strong>tlre</strong></span> <span class='ocrx_word' id='word_1_352' title='bbox 1378 4939 1438 4989; x_wconf 79' lang='lat' dir='ltr'><strong>ltth</strong></span> <span class='ocrx_word' id='word_1_353' title='bbox 1453 4941 1484 4990; x_wconf 85' lang='lat' dir='ltr'><strong>os</strong></span> <span class='ocrx_word' id='word_1_354' title='bbox 1498 4940 1547 4989; x_wconf 82' lang='lat' dir='ltr'><strong>De·</strong></span> 
     </span>
     <span class='ocr_line' id='line_1_43' title="bbox 497 5014 1363 5077; baseline 0.006 -15"><span class='ocrx_word' id='word_1_355' title='bbox 497 5016 539 5063; x_wconf 81' lang='lat' dir='ltr'><strong>the</strong></span> <span class='ocrx_word' id='word_1_356' title='bbox 572 5017 676 5077; x_wconf 75' lang='lat' dir='ltr'><strong>reading</strong></span> <span class='ocrx_word' id='word_1_357' title='bbox 697 5021 807 5064; x_wconf 57' lang='lat' dir='ltr'><strong>‘corruet</strong></span> <span class='ocrx_word' id='word_1_358' title='bbox 834 5015 864 5061; x_wconf 88' lang='lat' dir='ltr'><strong>be</strong></span> <span class='ocrx_word' id='word_1_359' title='bbox 892 5014 997 5075; x_wconf 85' lang='lat' dir='ltr'><strong>entirely</strong></span> <span class='ocrx_word' id='word_1_360' title='bbox 1049 5016 1363 5077; x_wconf 56' lang='lat' dir='ltr'><strong>cembermhenhedird.</strong></span> 
     </span>
     <span class='ocr_line' id='line_1_44' title="bbox 497 5093 998 5143; baseline 0.002 -3"><span class='ocrx_word' id='word_1_361' title='bbox 497 5098 597 5143; x_wconf 83' lang='lat' dir='ltr'><strong>trusted.</strong></span> <span class='ocrx_word' id='word_1_362' title='bbox 633 5095 657 5143; x_wconf 86' lang='lat' dir='ltr'><strong>lt</strong></span> <span class='ocrx_word' id='word_1_363' title='bbox 670 5110 719 5143; x_wconf 80' lang='lat' dir='ltr'><strong>vus</strong></span> <span class='ocrx_word' id='word_1_364' title='bbox 728 5093 826 5142; x_wconf 81' lang='lat' dir='ltr'><strong>written</strong></span> <span class='ocrx_word' id='word_1_365' title='bbox 833 5093 944 5142; x_wconf 81' lang='lat' dir='ltr'><strong>between</strong></span> <span class='ocrx_word' id='word_1_366' title='bbox 956 5093 998 5141; x_wconf 83' lang='lat' dir='ltr'><strong>the</strong></span> 
     </span>
    </p>
   </div>
   <div class='ocr_carea' id='block_1_8' title="bbox 0 0 2100 6391">
    <p class='ocr_par' dir='ltr' id='par_1_8' title="bbox 0 0 2100 6391">
     <span class='ocr_line' id='line_1_45' title="bbox 0 0 2100 6391; baseline 0 0"><span class='ocrx_word' id='word_1_367' title='bbox 0 0 2100 6391; x_wconf 95' lang='lat' dir='ltr'><strong> </strong></span> 
     </span>
    </p>
   </div>
  </div>
 </body>
</html>
