4192 6392
539 1153 604 1219 198
822 1163 994 1214 spurcus
1016 1159 1312 1223 clunensimsss,

385 1344 508 1390 annea
537 1342 635 1394 tamen
651 1337 840 1394 consiliosum
857 1338 1060 1394 malefactores
1079 1337 1146 1395 illos
1163 1335 1315 1410 designari
1332 1350 1368 1391 ex
1385 1333 1520 1401 nornine;
1540 1334 1596 1406 qui

387 1395 508 1492 uffip,
537 1429 636 1479 eutem
654 1422 773 1488 inerint,
793 1422 940 1480 evidentia
965 1422 1036 1479 facti
1060 1422 1167 1479 melius
1191 1419 1362 1477 declarabit.
1400 1418 1484 1488 Quod
1507 1417 1595 1475 vobis

537 1508 636 1565 minas
653 1508 824 1564 mandamus
842 1508 897 1565 bac
920 1508 994 1576 vice,
1014 1509 1139 1565 nuncius
1163 1507 1216 1580 qui
1236 1505 1426 1578 subsequitur
1443 1502 1597 1577 supplebit

537 1593 725 1659 sufficienter,
746 1592 798 1664 qni
823 1611 876 1666 per
902 1593 959 1652 Dei
983 1594 1112 1666 gratim
1137 1592 1333 1666 presentibus
1357 1591 1445 1664 longe
1462 1589 1597 1664 proferet

538 1679 659 1750 penora.
695 1678 810 1736 Valete.

386 1929 507 1977 umen.
574 1921 718 1982 ccxm.
755 1922 891 1979 Genusus
910 1937 980 1978 rsus
999 1922 1563 1982 rs1os1nsl¹siunsusnunusc1srs0

951 2007 1173 2062 uomuisse)

369 2155 501 2249 '1¹1⁰er
572 2148 724 2207 Horrendi
747 2149 885 2207 facinoris
910 2150 1084 2207 detestanda
1105 2151 1297 2225 praesumptio
1323 2151 1512 2208 vehementer
1529 2152 1593 2209 ani·

368 2206 514 2309 iidbitoror
536 2254 619 2293 mum
647 2241 780 2292 nostrum
804 2254 859 2307 pro
882 2235 929 2290 sui
954 2234 1106 2290 atrocitate
1131 2236 1298 2300 commovit,
1330 2241 1364 2292 ut
1389 2235 1457 2293 illos
1484 2235 1596 2294 debitas

368 2306 513 2401 fffiffl
536 2320 702 2376 severitatis
735 2320 833 2391 jaculo
863 2321 1014 2385 feriamus,
1050 2320 1101 2391 qui
1137 2338 1218 2376 more
1254 2319 1425 2392 praedonum
1461 2320 1595 2378 eeclesias

367 2407 493 2451 lanensis
536 2405 756 2461 Gantuariensis
783 2405 982 2478 possessiones
1009 2404 1144 2476 nequiter
1168 2406 1349 2471 invaserunt,
1381 2405 1429 2460 vel
1454 2405 1485 2460 in
1510 2411 1596 2478 septe

367 2460 511 2612 &affin
535 2490 625 2544 ouriae
661 2489 870 2547 monachorum
905 2495 936 2545 et
970 2489 1109 2556 officinas,
1146 2489 1274 2547 effractis
1310 2488 1403 2545 muris
1433 2489 1596 2546 crudeliter

395 2572 409 2604 θ
536 2572 543 2584 “
1026 2573 1032 2584 ’
1251 2574 1285 2585 “’
1331 2574 1337 2586 ⁸
1584 2597 1593 2610 .

367 2609 514 2706 resen
534 2573 1215 2730 lllllszllmlltsll¹ltllll
1229 2573 1595 2715 iffliffit

365 2710 504 2817 ww*
534 2741 662 2799 ferentes
693 2743 807 2798 curiam
832 2742 905 2815 ipsis
936 2741 1202 2798 contradicentibus
1233 2743 1449 2814 occupaverint.
1494 2742 1594 2812 Unde,

534 2827 672 2897 quoniam
699 2827 906 2899 predictorum
934 2829 1060 2882 fratrum
1086 2827 1211 2899 injurias
1239 2828 1427 2884 dissimulare
1454 2845 1508 2884 neo
1525 2845 1595 2901 pos·

534 2928 636 2968 sumas
653 2928 708 2968 neo
726 2912 877 2977 debemus,
898 2911 1004 2983 quibus
1022 2915 1105 2966 tanto
1129 2911 1287 2982 benignius
1305 2911 1337 2967 in
1355 2930 1409 2968 suo
1423 2911 1493 2984 jure
1511 2917 1594 2968 tane·

388 3005 495 3057 sonare
532 3012 600 3051 mur
618 2995 730 3063 adesse,
751 3003 859 3068 quanto
883 2996 915 3050 in
939 2996 1073 3067 partibus
1092 2994 1266 3068 Anglicanis
1290 2995 1395 3067 majori
1419 2995 1595 3066 praeminent

532 3077 694 3146 honestate,
722 3085 948 3153 praesumptores
979 3080 1031 3152 qui
1058 3086 1119 3136 tam
1145 3080 1273 3136 enormis
1301 3080 1452 3152 sacrilegii
1478 3080 1594 3137 facinus

532 3163 724 3230 admiserunt,
744 3170 894 3230 eteorum
913 3165 1087 3240 complices„
1108 3182 1202 3236 usque
1221 3165 1258 3220 ad
1276 3165 1508 3223 satisfactionem
1525 3182 1594 3221 con·

532 3247 654 3321 dignam
680 3249 855 3306 anctoritate
883 3249 1073 3322 praesentium
1099 3249 1284 3306 decernimus
1315 3248 1495 3305 anathemati
1522 3248 1592 3305 anb-

529 3332 639 3404 jacere,
666 3352 719 3405 per
749 3335 908 3406 apostolica
937 3334 1047 3406 scripta
1076 3334 1160 3390 vobis
1189 3332 1386 3406 precipiendo
1410 3332 1592 3400 mandantes,

534 3424 678 3488 quatenus
703 3419 793 3490 ipsos,
817 3419 843 3475 si
868 3418 1009 3476 admoniti
1028 3418 1179 3475 noluerint
1195 3436 1325 3491 congrue
1344 3418 1524 3486 satisfacere,
1543 3436 1592 3475 ex·

366 3502 500 3557 lumento
534 3502 772 3568 communicatos,
793 3503 870 3559 sicut
896 3505 987 3559 moris
1015 3510 1070 3570 ost,
1091 3503 1321 3561 contradictione
1346 3509 1377 3560 et
1395 3502 1592 3576 appellatione

364 3564 522 3618 mmm
533 3593 674 3652 cessante,
689 3588 858 3642 solemniter
876 3594 906 3642 et
923 3587 1039 3659 publice
1057 3588 1212 3655 nuncictis,
1227 3595 1257 3644 et
1267 3588 1382 3644 faciatis
1401 3589 1437 3643 ab
1456 3587 1591 3644 omnibus

534 3672 648 3726 cautius
667 3672 789 3737 cviteri;
810 3672 949 3727 attentius
970 3674 1127 3744 provisuri,
1147 3692 1194 3740 ne,
1215 3673 1294 3745 quod
1312 3673 1398 3739 absit,
1418 3692 1453 3728 ex
1477 3671 1592 3727 desidia

534 3761 632 3809 vestro
659 3755 689 3808 in
713 3757 768 3809 hac
795 3763 878 3826 parta
905 3757 1075 3812 mundatum
1093 3758 1287 3830 apostolicum
1304 3758 1491 3828 negligatur3
1522 3757 1592 3827 quia

534 3857 624 3909 grove
643 3840 725 3894 nobis
745 3848 824 3894 essct
841 3841 936 3896 modis
965 3843 1101 3897 omnibus
1126 3849 1156 3897 et
1179 3843 1345 3908 molestum,
1365 3861 1419 3897 nec
1437 3859 1590 3913 possemus

533 3924 738 3994 equanimiter
766 3925 920 3979 sustinere.
959 3926 1043 3994 Quod
1070 3927 1095 3980 si
1123 3927 1208 3982 umbo
1226 3928 1273 3982 his
1293 3927 1470 3998 exequendis
1488 3926 1592 3996 nequi·

533 4007 637 4063 veritis
664 4009 816 4074 interesse,
846 4010 920 4064 alter
947 4017 1081 4066 vestrum
1108 4029 1173 4066 eam
1200 4012 1391 4068 nihilominus
1418 4016 1589 4082 exequatur.

533 4091 644 4147 Datum
669 4091 817 4158 Laterani,
846 4094 904 4150 xvi.
930 4092 989 4150 kal.
1018 4095 1142 4167 Aprilis,
1174 4096 1361 4167 pontificatus
1391 4096 1484 4153 nostri
1515 4112 1591 4151 anno

531 4176 636 4248 primo.

394 4412 448 4472 lisy
456 4423 489 4464 os.
649 4408 785 4466 CCXIV.
825 4409 961 4465 Cununrs
980 4424 1052 4464 rurs
1070 4408 1237 4466 Oouvuunur
1257 4408 1481 4466 Gluruunlnusn

364 4568 479 4621 'rhepops
570 4550 617 4606 Ad
636 4552 816 4609 audientiam
834 4555 1012 4626 apostulatus
1037 4553 1131 4609 nostri
1149 4553 1292 4625 pervenit,
1314 4552 1391 4623 quod
1409 4552 1590 4611 venerabilis

363 4620 510 4713 ffiffffithe
534 4636 623 4690 frater
641 4644 740 4693 noster
758 4639 994 4710 archiepiscopus
1019 4645 1126 4703 vester,
1146 4645 1213 4709 post
1237 4638 1462 4709 appellationem
1480 4638 1518 4694 ad
1535 4656 1589 4695 nos

362 4719 519 4825 Qffiopm
534 4719 744 4790 interpositam,
773 4728 802 4776 et
828 4728 929 4777 contro
955 4722 1170 4792 indulgentiam
1198 4722 1276 4778 sedis
1307 4723 1474 4795 apostolicos
1504 4722 1589 4779 vobis

560 4856 697 4861 ....-—..
729 4856 821 4862 ..-—
839 4857 1002 4863 .--..-—-——
1223 4857 1302 4863 ...-
1506 4857 1581 4867 -η

566 4944 572 4972 ¹
592 4943 712 5004 Gervase,
728 4943 935 4993 1321snd1530.
970 4941 1035 4992 This
1082 4956 1162 4993 seems
1174 4949 1201 4993 to
1212 4941 1589 5012 haveenivedatcanterbury

532 5021 604 5072 letter
621 5039 673 5073 was
692 5023 802 5088 brought
821 5023 887 5072 tiam
904 5023 985 5072 Rome
1008 5022 1035 5071 in
1082 5040 1116 5074 on
1128 5024 1202 5076 Good
1213 5024 1317 5091 Fridey,
1330 5024 1406 5089 April
1421 5030 1458 5075 15·

531 5101 603 5153 three
631 5103 714 5154 weeks
742 5104 792 5152 and
820 5103 877 5154 four
897 5102 981 5168 days;
1016 5102 1036 5151 it
