4192 6392
821 1185 980 1235 taurona
1004 1185 1210 1234 amoswmr.
1494 1172 1537 1236 49

485 1362 576 1426 eritis,
597 1380 686 1434 quam
705 1361 826 1417 devotos
844 1379 896 1416 nos
915 1361 945 1415 in
964 1379 1018 1415 sua
1045 1362 1191 1432 quondam
1209 1359 1426 1432 perturbatione
1445 1361 1536 1417 eccle·
1568 1363 1623 1407 M>-
1636 1366 1694 1410 ¹1⁸7·

485 1447 526 1501 sia
543 1447 674 1503 Romana
693 1446 847 1501 invenerit.
885 1445 949 1501 Nec
967 1446 1065 1500 minus
1083 1463 1136 1500 nos
1155 1445 1275 1501 devotos
1295 1447 1402 1501 vestris
1422 1464 1537 1517 quoque
1550 1453 1699 1499 Hereminds

483 1532 661 1602 temporibus
687 1531 841 1594 inveniret,
871 1530 896 1583 si
922 1547 974 1583 uos
1001 1530 1088 1599 juxta
1118 1545 1229 1583 morem
1257 1529 1444 1584 decessorum
1474 1503 1692 1607 ves-iffiss‘ffl‘

483 1622 595 1669 trorum
613 1616 710 1685 gratia
727 1620 827 1669 vostra
851 1615 1021 1684 respiceret.
1060 1613 1142 1667 Illud
1168 1622 1267 1668 autem
1285 1631 1338 1685 pro
1356 1632 1427 1669 vero
1452 1605 1692 1700 novo·5³¹¹1¹J¹⁰Jui¹=22⁰

484 1699 556 1763 ritis,
577 1700 655 1771 quod
673 1716 730 1753 non
755 1698 974 1762 sustinebimus,
993 1715 1047 1751 nec
1073 1714 1125 1752 vos
1153 1699 1297 1754 sustinere
1316 1698 1438 1764 debetis,
1459 1667 1617 1770 quodnisi
1655 1758 1660 1769 ι

484 1784 609 1853 antiquie
627 1784 787 1852 dignitates
809 1782 989 1853 temporibus
1015 1784 1125 1837 nostris
1144 1782 1364 1846 imminuantur,
1384 1783 1432 1838 vel
1458 1784 1536 1854 quod
1548 1756 1691 1867 ww?

484 1866 611 1921 thesauri
631 1867 850 1921 (fiscannensis
869 1865 1000 1920 ecclesian
1020 1883 1093 1935 qrrcs
1121 1866 1148 1919 ei
1176 1866 1378 1936 progenitores
1396 1869 1454 1921 mei
1473 1869 1535 1922 sire
1549 1874 1666 1935 allowtue

484 1950 580 2021 magni
611 1952 759 2022 principes
790 1958 820 2005 et
848 1951 949 2022 populi
981 1950 1177 2013 contulerunt,
1206 1958 1327 2022 propter
1345 1952 1535 2007 rebellionem
1548 1924 1704 2027 ffliilfflff

484 2034 688 2090 monachorum
701 2041 731 2089 et
743 2034 922 2089 inordinatos
942 2051 1042 2089 eorum
1056 2033 1215 2098 discursus,
1236 2035 1266 2088 in
1285 2041 1413 2090 vestram
1426 2037 1535 2107 pariter
1547 2025 1692 2124 metm·

484 2125 511 2173 ct
527 2126 657 2174 nostram
675 2120 826 2174 infamiam
854 2124 884 2172 ct
909 2119 940 2172 iu
967 2119 1188 2173 subversionem
1214 2120 1345 2174 ecolesiae
1364 2121 1535 2192 principalis
1549 2125 1590 2168 1¹¹⁰
1598 2117 1686 2170 meula

484 2205 565 2273 regni
583 2202 685 2268 nost-ri,
706 2202 894 2273 dissipentur.
934 2202 992 2257 Sed
1019 2220 1072 2258 nec
1091 2204 1209 2258 deceret
1232 2203 1421 2274 apostolicam
1440 2205 1536 2276 digni·

484 2292 569 2341 tatem
582 2287 655 2342 tanti
668 2287 726 2341 riri
745 2292 805 2340 tam
823 2285 962 2340 laudabili
977 2287 1125 2357 proposito
1144 2286 1222 2357 quod
1239 2288 1413 2343 auctoritate
1425 2302 1533 2353 vestra,
1548 2288 1597 2333 The
1606 2302 1664 2344 tout

484 2390 601 2428 assensn
632 2390 748 2443 quoque
777 2378 886 2436 nostro,
919 2378 949 2428 et
977 2373 1069 2429 totius
1100 2374 1184 2444 regni
1214 2373 1358 2438 roborato,
1380 2375 1533 2438 contraire,
1548 2341 1692 2435 dimidii

484 2457 604 2511 maxime
630 2475 697 2511 cum
723 2474 776 2527 pro
803 2464 883 2510 certo
909 2458 1036 2511 sciamus
1063 2457 1137 2511 illud
1155 2474 1212 2511 nou
1231 2458 1261 2511 in
1279 2458 1417 2513 damnum
1436 2466 1466 2514 et
1486 2459 1535 2513 de·
1548 2443 1687 2543 §gffi'flm

484 2541 659 2610 pressionem
679 2540 898 2595 Cantunriensis
916 2541 1057 2604 ecclesiia,
1078 2542 1155 2596 sicut
1173 2541 1247 2596 salso
1258 2542 1341 2597 vobis
1361 2551 1536 2614 suggestum
1549 2542 1610 2584 *τοὺ
1621 2543 1678 2585 ⁰¹⁸⁰

485 2640 542 2679 esse
561 2625 740 2689 audivimus,
756 2624 808 2679 sed
820 2624 857 2678 ad
868 2624 1007 2679 honorem
1022 2625 1120 2696 potins
1140 2632 1169 2680 et
1188 2626 1423 2682 commoditatem
1441 2627 1535 2698 ipsius
1548 2592 1698 2641 mam

485 2711 685 2782 multipliciter
702 2709 857 2781 pertinere.
895 2708 1001 2763 Adhuc
1029 2727 1101 2779 ergo
1119 2727 1172 2779 pro
1191 2710 1292 2765 eadem
1317 2728 1420 2782 preces
1439 2721 1534 2782 pater-

487 2794 564 2849 nitati
595 2801 703 2850 restria
733 2793 825 2848 semel
843 2792 1009 2855 offerimus,
1027 2792 1161 2848 'volentes
1189 2799 1219 2848 et
1244 2794 1299 2848 hac
1329 2795 1394 2849 vice
1425 2796 1535 2850 certius

487 2880 616 2951 experiri,
638 2885 779 2950 (plantum
798 2877 834 2931 de
851 2884 951 2933 vestra
969 2878 1067 2948 gratia
1084 2894 1202 2948 sperare
1221 2878 1377 2949 possimus.

766 2998 804 3051 Iu
822 2996 918 3051 eudem
930 2996 1027 3068 forrao
1047 2996 1252 3052 cardina-libna.

621 3210 730 3266 LXIV.
774 3211 909 3266 Hosoaro
928 3226 1025 3267 rarum
1045 3211 1211 3268 Gerraicus
1230 3212 1386 3268 surrmoa¹
1570 3205 1691 3300 iffi&-

402 3336 478 3391 “2²21-
519 3341 602 3411 Quod
621 3342 761 3397 hactenus
780 3343 892 3398 dictum
911 3352 957 3398 cst
977 3343 1037 3397 “in
1056 3344 1185 3398 tenebris
1204 3342 1294 3399 dicite
1313 3345 1344 3398 in
1362 3342 1483 3410 lumine,
1505 3351 1536 3400 et
1577 3306 1676 3361 mm

489 3428 505 3452 ‘⁸
523 3427 599 3498 quod
618 3427 737 3482 inaure
757 3427 875 3490 auditis,
895 3428 1054 3499 praedicate
1074 3445 1161 3500 super
1174 3427 1282 3485 tecta.’'

517 3511 678 3582 Negotium
705 3511 857 3582 hucusque
882 3511 1089 3582 perambulans
1116 3513 1148 3567 in
1175 3512 1313 3577 tenebris,
1334 3514 1365 3568 in
1384 3514 1534 3570 incursum
1548 3530 1657 3576 enema
1698 3544 1700 3549 ·

402 3584 450 3635 'fil
487 3612 600 3651 versum
626 3602 672 3650 est
697 3602 727 3650 et
745 3595 920 3651 daemonium
940 3596 1144 3650 meridianum.
1189 3597 1266 3653 Ecce
1295 3598 1373 3652 enim
1399 3616 1433 3654 ex
1452 3607 1534 3670 parte
1547 3583 1653 3675 imm·

1556 3643 1619 3677 orma
1625 3634 1666 3678 the

487 3679 591 3735 domini
611 3681 693 3751 regis
706 3679 895 3751 prohibemur
913 3679 1059 3734 mandatis
1077 3681 1121 3734 uti
1140 3681 1317 3753 apostolicis.
1342 3682 1536 3755 Praecipimur
1547 3684 1672 3735 nnortlat

487 3765 513 3818 in
531 3766 639 3820 exteris
664 3764 834 3835 regionibus
861 3763 1020 3835 privilegia
1045 3769 1145 3819 nostra
1163 3765 1280 3820 domino
1303 3767 1369 3838 regi
1388 3768 1534 3831 exhibere,
1548 3733 1703 3829 pppblirppgnhas

486 3858 515 3903 ut
541 3867 607 3920 quae
625 3848 753 3903 voluerit
776 3853 904 3911 teneant,
925 3854 955 3903 et
973 3854 1150 3903 evacuentur
1169 3868 1235 3920 quoe
1249 3850 1382 3922 jusserit.
1420 3851 1536 3908 Nihilo·
1548 3834 1679 3929 ξ’,ξῗιξιξξῖθ

486 3932 578 3988 minus
610 3950 645 3986 es
675 3938 758 4002 parte
789 3930 922 4002 ejusdem
953 3931 1139 3987 interdicitur
1169 3934 1263 3999 nobis,
1292 3952 1328 3990 ne
1348 3937 1378 3990 in
1396 3937 1535 3992 maneriis
1548 3935 1621 3979 cetea

486 4015 638 4071 monachos
669 4031 811 4086 ponamus
831 4019 882 4069 aut
909 4014 1070 4080 ministros,
1102 4015 1160 4071 nisi
1187 4034 1239 4089 per
1265 4017 1533 4092 archiepiscopum:
1550 3986 1603 4038 (M
1612 3986 1651 4039 ¹¹⁴)

488 4120 548 4173 qum
579 4103 683 4174 utique
711 4100 809 4155 omnia
836 4101 934 4172 ipsum
961 4119 1146 4173 procurasse,
1174 4121 1259 4160 nemo
1285 4105 1336 4177 qui
1355 4106 1478 4173 dubitet,
1499 4108 1670 4169 &rhonch-

487 4187 712 4241 emolumentum
730 4184 891 4256 temporale
910 4184 1026 4240 domino
1045 4185 1119 4257 regi,
1141 4192 1171 4242 et
1190 4188 1321 4244 ecclesiae
1340 4189 1396 4244 Dei
1416 4192 1535 4247 suhver.
1548 4175 1668 4279 {2⁰⁹¹}

488 4270 593 4325 sionem
606 4277 636 4325 et
653 4268 872 4324 detrimentum.
922 4268 957 4322 In
977 4269 1072 4339 primo
1084 4288 1210 4343 namque
1230 4273 1358 4344 capitulo
1377 4277 1535 4331 auctoritas
1548 4274 1611 4319 thee
1627 4276 1685 4320 uren

488 4353 593 4409 domini
624 4370 708 4425 papus
739 4351 878 4416 eliditur;
911 4352 942 4406 in
969 4353 1106 4420 secundo,
1135 4354 1251 4410 domino
1282 4357 1347 4427 regi
1378 4359 1534 4413 confertur.
1548 4325 1695 4380 mmm*

487 4435 518 4492 In
536 4437 623 4493 tertio
641 4443 733 4492 status
747 4436 878 4491 ecclesiae
890 4442 997 4491 nostra
1010 4437 1208 4505 subvertitur;
1228 4446 1262 4497 ut
1274 4441 1432 4497 decedente
1445 4442 1538 4498 archi-

912 4601 1001 4608 --··-
1251 4607 1529 4617 .—---—.——.

518 4698 605 4749 Ι’ῙῚιὶι
614 4698 693 4758 letter,
701 4697 762 4747 with
772 4698 894 4764 probably
902 4699 935 4749 all
945 4699 988 4750 the
1042 4701 1180 4754 LXXXII.
1215 4703 1270 4755 The
1293 4706 1413 4771 compilet·
1435 4722 1538 4772 appears

487 4786 533 4827 rest
543 4779 616 4827 down
628 4786 655 4828 to
665 4777 786 4837 LXXII,
796 4792 848 4827 aras
859 4778 988 4844 evidently
1035 4788 1062 4830 to
1084 4780 1150 4832 have
1172 4784 1285 4848 grouped
1308 4784 1350 4834 the
1372 4785 1457 4836 letters
1479 4786 1538 4835 here

489 4856 581 4906 written
594 4857 658 4906 noer
676 4857 720 4906 the
738 4866 848 4907 convent
866 4859 987 4921 supposed
1009 4883 1012 4911 ι
1035 4859 1121 4910 rather
1131 4861 1194 4910 with
1214 4863 1305 4913 aview
1316 4870 1342 4912 to
1354 4862 1418 4913 their
1429 4864 1538 4925 subjeets

491 4934 986 4995 llonoriustohavereturnedtoverona,
1008 4926 1011 5005 J
1035 4939 1096 4990 thau
1108 4948 1134 4990 to
1146 4941 1188 4990 the
1199 4947 1273 4991 exact
1285 4955 1415 5006 sequence.

488 5015 531 5063 md
549 5013 647 5073 should,
668 5014 800 5071 therefore,
823 5013 907 5063 follow
936 5014 984 5064 No.
1008 5046 1011 5079 Ι

570 5121 645 5173 VOL.
669 5122 705 5170 11.
1378 5117 1402 5164 D
