4192 6392
615 1168 682 1233 440
897 1178 1073 1231 samsona
1092 1176 1384 1243 oauwnnmrars,

467 1362 588 1409 milen
620 1355 652 1411 in
678 1352 836 1427 praesentia
859 1350 980 1409 illorum
1004 1357 1036 1409 et
1059 1350 1238 1409 bailivorum
1265 1350 1379 1409 domini
1401 1351 1494 1426 regia,
1519 1353 1683 1413 theeman

457 1412 601 1469 ms..
618 1438 687 1495 aas
705 1436 800 1493 videri
817 1440 848 1493 a
863 1435 1023 1492 nomas
1039 1435 1173 1503 summ
1186 1441 1392 1493 mansuem
1409 1435 1684 1496 nasamonium

618 1538 709 1595 penes
726 1538 780 1577 vos
802 1524 960 1585 remaneat,
979 1518 1062 1575 aliud
1086 1536 1177 1593 penea
1203 1536 1267 1586 noa,
1285 1519 1412 1577 tertium
1433 1536 1525 1592 penes
1550 1520 1683 1580 bailivoa

617 1602 1683 1678 dominireginetinanperfldemhabeatiaiiaqurepradiotna

619 1688 843 1747 arohidiaoonus
860 1686 945 1744 vobis
964 1705 1001 1743 ex
1017 1694 1104 1760 parte
1120 1692 1223 1744 nostra
1238 1692 1392 1761 proponet.

478 1951 585 2008 maa
646 1916 888 1998 odocaxm.
924 1936 1093 1997 comam
1110 1936 1327 1996 omnmo
1343 1950 1535 1994 sumamma
1552 1950 1664 1993 nomn

1100 2036 1195 2079 anan.

448 2186 556 2243 thalm-
658 2178 766 2237 Sciatis
784 2178 1039 2253 quodpraoepto
1062 2177 1174 2236 domini
1191 2176 1284 2251 regia,
1302 2176 1389 2235 mitte
1406 2174 1597 2235 Oantuariam
1614 2176 1683 2233 the·

451 2236 597 2336 ffffl'
622 2263 789 2321 muranum
806 2262 973 2330 Londonise,
995 2268 1027 2321 et
1046 2260 1286 2319 arohidiaoonum
1310 2258 1477 2326 badenim,
1496 2264 1528 2316 et
1549 2258 1685 2333 priorem

452 2340 611 2436 ab&
621 2347 659 2404 de
676 2346 839 2414 Mer-etone,
858 2354 889 2404 et
905 2346 1174 2405 maeatabulariurn
1190 2344 1228 2401 de
1245 2342 1355 2412 Dona,
1374 2350 1406 2403 et
1420 2342 1627 2401 vioeoomitem
1644 2344 1684 2401 de

453 2440 527 2485 «aas
550 2466 555 2477 ·
621 2432 711 2499 Kent,
731 2430 770 2488 ad
794 2431 937 2489 videndos
963 2432 1119 2489 thesauros
1145 2429 1279 2487 eooleaiee
1304 2428 1545 2487 Oantnariensis:
1564 2433 1595 2486 et
1612 2427 1684 2485 ideo

451 2488 548 2539 'm'
621 2516 705 2574 vobis
730 2515 846 2581 mando,
874 2514 954 2588 quod
979 2514 1047 2572 illae
1067 2515 1113 2572 eis
1133 2513 1307 2580 ostendatis,
1327 2519 1358 2571 et
1382 2512 1461 2586 quod
1487 2512 1604 2569 laomtia
1622 2512 1683 2569 hoo

622 2600 701 2674 qnod
724 2599 784 2673 ipsi
808 2600 893 2656 vobis
918 2618 955 2656 ex
976 2605 1063 2673 parte
1086 2598 1198 2656 domini
1214 2598 1298 2671 regia
1315 2603 1347 2656 et
1362 2616 1430 2654 mea
1445 2596 1553 2655 dicent.
1589 2596 1683 2655 'I'este

622 2682 766 2741 Gaulrido
790 2682 827 2740 de
853 2682 1011 2750 Boolande,
1034 2681 1114 2756 apud
1133 2681 1440 2749 westmonasterium,
1459 2698 1506 2737 xx.
1531 2680 1582 2737 die
1606 2680 1684 2755 Sep·

497 3040 565 3087 m,
693 3016 951 3077 cocomvn.
989 3017 1132 3074 Humro
1150 3030 1372 3073 auomnsooeo
1389 3015 1609 3079 Ouramma

478 3090 584 3147 Μ*
934 3100 1106 3159 comme
1124 3099 1376 3159 Oanmaamnan)

452 3268 611 3318 nomme
660 3259 853 3334 Snaoapimna
874 3258 990 3317 litteras
1011 3258 1179 3317 sanetitatie
1195 3262 1304 3316 vestrae
1320 3276 1374 3333 per
1391 3257 1471 3315 viros
1493 3258 1682 3319 venerabiles

402 3360 408 3371 ·
450 3322 612 3427 ffiffg*
624 3342 759 3402 abbatem
785 3345 822 3401 ds
849 3342 1029 3400 Faversham
1053 3348 1094 3405 et¹
1110 3342 1348 3400 arehidiaeonum
1366 3341 1618 3411 cantuariensem,
1649 3344 1683 3401 in

449 3422 562 3519 a&
624 3431 733 3502 quibua
757 3430 842 3486 nobis
871 3427 1072 3501 significastis,
1102 3433 1138 3485 nt
1160 3428 1371 3502 inpraesentia
1399 3429 1519 3485 illorum
1547 3434 1579 3485 et
1594 3428 1683 3487 baili-

452 3486 595 3577 numni*
623 3533 728 3570 vorum
745 3513 856 3570 domini
874 3513 965 3584 regis,
986 3512 1038 3585 qui
1056 3512 1146 3568 simul
1164 3511 1342 3568 advenerant
1355 3531 1423 3568 eum
1439 3513 1549 3568 litteris
1566 3513 1681 3570 domini

451 3573 582 3677 ffl‘ffi'
624 3598 759 3654 Gaulridi
778 3597 832 3652 filii
850 3597 942 3661 Petri,
959 3597 1117 3668 justitiarii
1136 3596 1245 3651 domini
1269 3596 1360 3668 regis,
1375 3597 1527 3653 thesauros
1545 3598 1681 3654 eeclesiae

451 3678 605 3770 ffffiffl
622 3689 729 3738 nostrae
747 3681 842 3736 videri
861 3688 891 3737 et
908 3680 1068 3737 inbreviari
1086 3681 1237 3745 faciamus,
1257 3700 1316 3736 uno
1334 3682 1564 3736 inbreviameuto
1587 3699 1680 3753 pones

451 3774 596 3831 mabalon.
621 3784 675 3822 nos
699 3772 877 3831 remanente,
898 3765 957 3820 alio
981 3782 1072 3837 penes
1097 3782 1160 3829 vos,
1189 3765 1277 3820 tertio
1301 3782 1391 3837 penes
1416 3764 1541 3820 bailivoa
1566 3765 1679 3821 domini

620 3851 711 3921 regis.
748 3849 916 3920 Exigebant
939 3849 1028 3905 etiam
1052 3848 1155 3903 bailivi
1175 3848 1285 3903 domini
1309 3849 1401 3920 regis,
1419 3854 1463 3913 ut,
1483 3849 1611 3920 singulis
1635 3851 1679 3906 in·

622 3933 775 3998 breviatis,
795 3938 954 4003 reponatur
981 3932 1014 3987 in
1039 3937 1104 3987 tuto
1124 3937 1155 3987 et
1180 3932 1261 3988 salvo
1278 3932 1343 3987 loeo
1362 3932 1416 3988 sub
1435 3933 1570 3988 custodia
1585 3934 1679 3989 trium

622 4017 760 4081 clavium,
790 4034 915 4087 quarum
939 4034 999 4071 una
1023 4016 1064 4073 ait
1087 4015 1199 4071 domini
1216 4017 1308 4087 regis,
1328 4016 1387 4071 alia
1406 4022 1514 4081 vestra,
1534 4022 1566 4072 et
1587 4019 1679 4074 tertia

619 4108 727 4156 nostra.
765 4099 850 4155 Unde
868 4118 926 4155 uon
950 4099 1074 4155 minima
1092 4099 1173 4156 ducti
1200 4099 1402 4164 admiratione,
1422 4117 1456 4154 eo
1482 4100 1561 4172 quod
1577 4100 1677 4157 haete-

620 4204 676 4241 nus
702 4186 733 4239 in
759 4183 886 4239 ecelesia
912 4189 1014 4238 nostro
1037 4184 1107 4241 talis
1133 4182 1266 4239 inaudita
1291 4185 1331 4239 sit
1356 4184 1477 4249 exactio,
1504 4186 1677 4257 paternitati

618 4275 725 4325 vestrm
751 4286 867 4324 summa
891 4285 959 4323 oum
986 4266 1140 4322 devotione
1165 4267 1375 4339 supplicamns,
1402 4273 1545 4339 quatenus
1572 4268 1678 4327 honori

619 4360 718 4410 vostro
745 4359 776 4410 et
805 4353 891 4408 samm
921 4351 1028 4406 melius
1060 4352 1258 4423 providentes,
1294 4351 1449 4408 ecelesiam
1478 4359 1609 4409 vestram
1640 4358 1678 4413 ab

618 4438 758 4494 indebitis
785 4436 984 4493 exactionibus
1014 4436 1194 4492 conservetis
1220 4435 1398 4503 indemnem,
1423 4455 1460 4492 na
1498 4437 1594 4511 ipsius
1618 4440 1678 4498 dis·

619 4522 793 4578 simulantes
832 4520 966 4591 iujuries‚
1007 4537 1081 4591 quaa
1117 4519 1290 4592 propulsare
1325 4521 1476 4586 tenemini,
1516 4521 1678 4582 videamini

619 4605 740 4673 inferre,
760 4610 793 4661 et
809 4621 921 4670 earum,
941 4603 1020 4675 quod
1037 4603 1123 4669 absit,
1144 4609 1246 4660 auctor
1264 4603 1397 4660 existere.
1430 4601 1543 4675 [Vale]

647 4902 737 4952 ¹This
747 4902 822 4953 letter
832 4901 854 4952 ia
865 4900 940 4967 given
952 4902 988 4967 by
999 4900 1120 4959 Gervaae,
1171 4900 1290 4966 anglino
1317 4917 1351 4951 on
1379 4902 1423 4952 the
1455 4902 1525 4964 aeth,
1553 4906 1604 4954 aad
1634 4905 1680 4957 the

620 4987 691 5032 1614.
726 4982 782 5032 The
792 4981 890 5031 officere
905 4980 998 5031 visited
1015 4979 1120 5031 Canter-
1169 4994 1271 5029 mauors
1282 4995 1348 5031 vere
1358 4981 1480 5045 occupied
1490 4982 1580 5048 hythe
1590 4983 1680 5052 king’a

616 5063 682 5126 bury
704 5078 737 5112 on
759 5061 802 5113 the
825 5060 887 5111 aeth
908 5060 939 5112 of
954 5060 1118 5124 September3
1170 5058 1267 5110 offieers
1278 5059 1450 5126 immediately
1461 5059 1532 5112 aster.

618 5140 696 5192 Gerr.
718 5145 791 5193 lert.
825 5139 882 5191 The
901 5138 1053 5204 nrohbiahop
1072 5138 1119 5190 leit
