4192 6392
638 1150 682 1213 88
923 1163 1096 1215 namucum
1119 1160 1411 1225 curremusses,

485 1339 607 1442 Agffl’
638 1338 745 1409 quibus
763 1354 831 1393 cum
845 1337 908 1393 Deo
926 1344 956 1394 et
974 1337 1087 1393 ratione
1105 1336 1249 1409 poteritis,
1265 1335 1328 1392 sine
1347 1334 1533 1391 simulatione
1549 1330 1693 1403 pareatis,

470 1421 606 1509 mm}
640 1422 702 1477 sine
721 1420 953 1477 dissimulatione
971 1421 1124 1477 obediatis.
1163 1420 1314 1491 Scriptum
1337 1424 1383 1474 est
1399 1416 1487 1483 enim,
1508 1415 1611 1470 “Filii
1628 1414 1698 1471 obe·

469 1514 569 1558 thama>
642 1509 660 1533 ‘⁸
681 1505 742 1560 dito
767 1505 900 1576 patribus
918 1507 1025 1560 vestris
1053 1505 1084 1560 in
1104 1505 1238 1560 Domino.
1288 1502 1356 1558 Hoc
1382 1501 1461 1557 enim
1480 1500 1597 1571 justum
1621 1494 1804 1554 camme

470 1566 609 1659 ffltssig,
642 1589 674 1646 Si
702 1606 772 1645 vero
798 1588 882 1644 vobis
909 1589 999 1645 suerit
1028 1607 1046 1644 a
1071 1606 1217 1660 quoquam
1247 1587 1359 1658 aliquid
1389 1587 1566 1658 imperatum
1595 1587 1699 1639 contra

470 1665 584 1759 ffiffi'f
641 1674 738 1729 Deum
765 1672 813 1729 vcl
841 1674 972 1730 ecclesise
996 1682 1103 1729 vestrm
1120 1674 1260 1729 honorem
1287 1678 1317 1727 et
1342 1676 1484 1734 vestrum,
1503 1669 1552 1724 rel
1576 1666 1615 1723 ad
1637 1665 1698 1723 dia·

471 1727 576 1818 conidlc
641 1757 790 1828 pendium,
811 1757 912 1822 satius,
941 1758 1092 1812 honestius
1119 1763 1150 1813 ct
1173 1755 1353 1812 commodius
1372 1754 1496 1818 testimo,
1516 1751 1615 1809 omnia
1631 1767 1698 1806 ves

641 1848 689 1897 tra
715 1840 902 1896 subversioni
929 1858 1081 1913 exponere,
1102 1859 1191 1912 qnam
1215 1856 1328 1911 parere.
1377 1836 1456 1908 Quid
1473 1837 1552 1892 enim
1577 1834 1699 1909 prodest

642 1924 753 1979 homini
784 1925 810 1980 si
839 1931 933 1980 totum
963 1924 1105 1980 mundum
1134 1923 1276 1988 lucretur,
1307 1922 1412 1978 amma
1442 1939 1512 1977 vero
1550 1937 1612 1976 suar
1648 1916 1804 2013 veleffil

643 2010 728 2064 famae
758 2009 965 2065 detrimentum
995 2007 1145 2080 patiatur?
1182 2007 1261 2064 Satis
1291 2006 1402 2062 dictum
1431 2010 1478 2061 est
1506 2003 1696 2076 sapientibus.

643 2092 770 2148 Litteras
797 2098 909 2148 vostras
935 2098 964 2147 ct
989 2092 1164 2163 rescriptum
1191 2091 1228 2147 de
1253 2089 1476 2146 commonitione
1499 2094 1531 2145 et
1546 2087 1699 2144 vocatione

471 2172 619 2268 ffiffigl
643 2176 726 2232 vobis
745 2178 830 2241 facta,
849 2176 923 2231 mihi
941 2176 973 2231 in
990 2177 1117 2231 crastino
1136 2174 1237 2231 Sancti
1248 2173 1456 2230 Bartholomsei
1473 2171 1614 2229 noveritis
1632 2187 1699 2226 esse

471 2273 610 2318 armamur
642 2265 818 2332 porrectum,
839 2265 869 2314 et
894 2260 960 2315 ideo
987 2277 1045 2315 non
1069 2259 1227 2324 miremini,
1254 2258 1338 2314 vobis
1363 2258 1452 2314 citius
1478 2274 1537 2311 non
1561 2271 1626 2311 esse
1652 2270 1698 2309 re-

471 2324 602 2378 mum·
642 2361 791 2416 sponsum.
829 2343 892 2398 Nec
911 2361 1040 2415 possum,
1055 2342 1261 2399 needebeode
1279 2343 1403 2398 talinon
1414 2339 1526 2396 moveri
1543 2337 1698 2408 rescripto,

641 2428 721 2500 quod
731 2427 815 2482 vobis
833 2445 906 2498 crgo
922 2426 1075 2481 dominum
1092 2444 1206 2498 papam,
1221 2427 1247 2482 si
1259 2426 1288 2482 ei
1299 2426 1390 2481 suerit
1400 2430 1558 2489 ostensum,
1573 2422 1701 2495 gratiam

628 2519 672 2587 ‚et
689 2513 820 2567 savorem
838 2510 1031 2582 proculdubio
1055 2511 1236 2582 comparabit
1260 2510 1441 2582 ampliorem.
1488 2508 1568 2563 Bene
1592 2512 1624 2563 et
1646 2505 1701 2563 diu
1774 2506 1777 2511 ’

640 2595 783 2651 valeatis:
816 2594 885 2659 mei,
910 2594 1003 2652 vestri
1030 2594 1135 2665 gratia,
1162 2612 1220 2650 non
1245 2594 1433 2649 immemores
1458 2592 1490 2648 in
1518 2590 1699 2649 orationibus

640 2679 757 2736 restris.

727 2894 806 2951 CLX.
845 2894 1013 2952 Oouvnrror
1032 2896 1249 2954 Orummmnsr
1266 2898 1302 2953 R.
1323 2913 1450 2953 uncinus
1468 2896 1625 2952 liumus.

471 3014 622 3112 &effluet
680 3014 843 3069 Ecclesiam
861 3020 990 3070 vestram
1007 3016 1039 3070 in
1057 3016 1195 3086 augustia
1220 3018 1345 3089 positam
1370 3023 1400 3072 et
1426 3034 1560 3083 moerorc,
1580 3021 1611 3072 ct
1634 3015 1700 3087 ejus

472 3119 588 3162 mmuh,
644 3097 773 3168 plegem,
792 3098 901 3154 nostris
919 3098 1017 3154 forsan
1034 3100 1163 3170 peccatis
1176 3100 1371 3171 exigentibus,
1385 3101 1595 3163 imminentem,
1609 3118 1700 3172 qnan-

472 3170 607 3258 ffiff'fflf
644 3187 709 3236 tum
727 3198 793 3236 moa
810 3182 907 3238 tenuis
925 3183 1019 3255 possit
1031 3183 1166 3248 facultas,
1180 3183 1340 3239 studiosius
1358 3184 1541 3249 consolarer;
1560 3182 1620 3238 nisi
1630 3181 1703 3253 quia

475 3267 517 3309 '¹⁸
534 3270 614 3313 nand
646 3264 813 3321 consolandi
826 3267 954 3338 gratiam
966 3268 1072 3339 lugens
1091 3267 1255 3323 consolator
1267 3266 1361 3323 amisi.
1399 3266 1703 3338 Namobcjusafflic·

474 3328 577 3372 ΝΜ·
646 3348 756 3404 tionem
775 3349 806 3403 in
829 3350 1023 3406 amaritudine
1049 3351 1154 3406 animae
1181 3351 1357 3407 constitutus
1383 3351 1480 3406 illatas
1499 3350 1526 3405 ei
1543 3350 1702 3422 injuriosas

646 3433 796 3489 molestias
813 3452 872 3489 non
888 3450 1008 3506 possum
1020 3435 1224 3505 aequanimiter
1236 3435 1390 3491 sustinere.
1429 3434 1505 3490 Oum
1516 3434 1595 3489 enim
1607 3434 1703 3489 eidem

647 3516 778 3572 eeclesiae
795 3524 901 3573 vestrm
921 3519 1123 3590 qualecunque
1140 3519 1306 3574 membrum
1324 3519 1456 3585 existam,
1476 3518 1622 3573 declinare
1645 3535 1704 3573 non

648 3618 767 3670 possum
786 3601 889 3672 capitis
908 3603 1067 3657 laesionem.
1106 3603 1171 3659 Hoc
1193 3603 1298 3659 saltem
1315 3604 1399 3659 vobis
1425 3609 1525 3659 notum
1544 3620 1634 3675 super
1656 3601 1703 3657 his

649 3684 804 3738 consilium
822 3686 991 3741 memoriter
1009 3692 1039 3742 et
1058 3687 1212 3742 efficaciter
1231 3689 1363 3753 teneatis,
1383 3696 1418 3744 ut
1435 3688 1581 3743 indefessa
1598 3685 1704 3742 oratio·

648 3783 719 3820 num
742 3767 882 3822 instantia
904 3769 940 3822 ab
968 3769 1022 3825 hac
1048 3771 1238 3826 tribulatione
1256 3771 1377 3826 liberari
1395 3771 1451 3826 Dei
1470 3772 1701 3828 misericordiam

649 3849 823 3920 imploretis.
873 3852 966 3907 Porro
992 3871 1060 3908 cum
1087 3854 1150 3925 jam
1175 3855 1212 3910 ad
1243 3872 1390 3910 summum
1419 3855 1575 3927 pertigerit
1603 3856 1701 3927 plaga,

649 3950 734 4003 spero
752 3952 804 3989 vos
823 3934 854 3988 in
872 3935 955 3991 brevi
973 3942 1104 4009 temporo
1126 3939 1300 3994 liberandos.
1338 3939 1452 3995 Volete.

722 4175 784 4231 CX.
824 4176 991 4235 Centaurus
1011 4180 1241 4237 cirrosrrrrsrs
1260 4182 1409 4239 Gsommo
1428 4196 1634 4237 neumarum

487 4242 621 4295 mmm·
1076 4281 1275 4321 csucnmnmo.

478 4402 631 4446 Τιιοωῃνρῃι
686 4384 916 4443 Generositotem
934 4395 1063 4443 vestram
1081 4390 1244 4461 gratiarum
1263 4392 1375 4446 actione
1392 4391 1607 4463 prosequimur,
1628 4392 1706 4463 qnod

478 4453 631 4598 &difies
650 4470 732 4526 nobis
752 4471 782 4525 in
800 4472 941 4527 fratribus
960 4472 1068 4527 nostris
1088 4492 1161 4544 quos
1185 4475 1223 4529 ud
1245 4474 1395 4530 dominum
1419 4494 1520 4547 regem
1545 4476 1706 4532 direximus

478 4555 630 4649 fssppffkgpd
649 4561 710 4609 tam
727 4555 889 4610 liberaliter
907 4556 1051 4612 astitistis.
1102 4557 1177 4613 Rem
1195 4558 1341 4629 siquidem
1363 4561 1474 4616 fecistis
1494 4576 1602 4631 genere
1622 4561 1707 4631 regio

479 4657 631 4701 „mmm
650 4643 679 4691 ct
696 4637 805 4693 virtuto
824 4638 1037 4709 dignissimam,
1058 4659 1111 4711 pro
1129 4642 1242 4697 afflictis
1261 4648 1290 4697 et
1310 4643 1417 4714 injuste
1441 4644 1589 4716 oppressis
1607 4649 1707 4715 partes

478 4718 599 4801 fssfffih,
650 4725 761 4776 vcstras
779 4721 998 4793 interponendo.
1037 4723 1182 4792 Quoniam
1193 4744 1263 4781 vero
1280 4728 1318 4782 nd
1335 4728 1390 4783 hoc
1407 4745 1481 4799 opus
1499 4734 1553 4793 est,
1573 4727 1708 4800 benigni·

477 4807 544 4865 biano
569 4808 611 4851 lus
649 4805 702 4860 tati
719 4809 825 4861 vestrm
844 4807 1053 4878 supplicamus,
1075 4813 1216 4879 qnatenus
1235 4828 1253 4865 a
1277 4812 1374 4882 gratia
1392 4829 1480 4881 qnam
1502 4811 1588 4866 nobis
1613 4812 1707 4882 gratis

477 4860 603 4951 borodim·
649 4889 816 4960 impendere
835 4890 966 4961 coepistis
984 4909 1042 4945 non
1061 4891 1218 4948 desistatis.
1257 4895 1325 4949 Jam
1338 4895 1416 4950 euim
1427 4895 1578 4950 libertates
1591 4902 1707 4951 nostras
1770 4902 1779 4919 '

647 4978 677 5025 et
693 4974 891 5043 possessiones
910 4975 971 5028 fere
990 4992 1089 5031 omnes
1108 4975 1242 5033 dominus
1261 4979 1499 5051 archiepiscopus
1511 4979 1596 5035 nobis
1608 4978 1707 5034 abstu-

646 5054 689 5109 lit.
727 5056 811 5125 Qucd
835 5058 937 5129 utique
964 5058 1062 5115 minus
1088 5077 1141 5116 nos
1169 5060 1298 5128 laederet,
1324 5062 1350 5117 si
1378 5067 1478 5133 posset
1502 5079 1570 5120 cum
1597 5063 1706 5118 honore
