<?xml version="1.0" encoding="UTF-8"?>
<!DOCTYPE html PUBLIC "-//W3C//DTD XHTML 1.0 Transitional//EN"
    "http://www.w3.org/TR/xhtml1/DTD/xhtml1-transitional.dtd">
<html xmlns="http://www.w3.org/1999/xhtml" xml:lang="en" lang="en">
 <head>
  <title>
</title>
<meta http-equiv="Content-Type" content="text/html;charset=utf-8" />
  <meta name='ocr-system' content='tesseract 3.04.00' />
  <meta name='ocr-capabilities' content='ocr_page ocr_carea ocr_par ocr_line ocrx_word'/>
</head>
<body>
  <div class='ocr_page' id='page_1' title='image "./epistolaecantua00stubgoog_0716.png"; bbox 0 0 4192 6392; ppageno 0'>
   <div class='ocr_carea' id='block_1_1' title="bbox 607 1131 1376 1193">
    <p class='ocr_par' dir='ltr' id='par_1_1' title="bbox 607 1131 1376 1193">
     <span class='ocr_line' id='line_1_1' title="bbox 607 1131 1376 1193; baseline -0.018 0"><span class='ocrx_word' id='word_1_1' title='bbox 607 1131 672 1193; x_wconf 76' lang='lat'><strong>514</strong></span> <span class='ocrx_word' id='word_1_2' title='bbox 889 1135 1062 1187; x_wconf 73' lang='lat' dir='ltr'><strong>nrisrotss</strong></span> <span class='ocrx_word' id='word_1_3' title='bbox 1085 1132 1376 1191; x_wconf 76' lang='lat' dir='ltr'><strong>csnreammsrs</strong></span> 
     </span>
    </p>
   </div>
   <div class='ocr_carea' id='block_1_2' title="bbox 438 1299 1674 2309">
    <p class='ocr_par' dir='ltr' id='par_1_2' title="bbox 438 1299 1674 2226">
     <span class='ocr_line' id='line_1_2' title="bbox 456 1299 1674 1377; baseline -0.016 -1"><span class='ocrx_word' id='word_1_4' title='bbox 456 1331 578 1377; x_wconf 70' lang='lat' dir='ltr'><strong>amine.</strong></span> <span class='ocrx_word' id='word_1_5' title='bbox 608 1314 645 1370; x_wconf 89' lang='lat' dir='ltr'><strong>de</strong></span> <span class='ocrx_word' id='word_1_6' title='bbox 671 1313 818 1369; x_wconf 87' lang='lat' dir='ltr'><strong>communi</strong></span> <span class='ocrx_word' id='word_1_7' title='bbox 843 1326 966 1366; x_wconf 87' lang='lat' dir='ltr'><strong>assensu</strong></span> <span class='ocrx_word' id='word_1_8' title='bbox 991 1306 1049 1364; x_wconf 79' lang='lat' dir='ltr'><strong>viri</strong></span> <span class='ocrx_word' id='word_1_9' title='bbox 1073 1304 1143 1362; x_wconf 88' lang='lat' dir='ltr'><strong>beni</strong></span> <span class='ocrx_word' id='word_1_10' title='bbox 1168 1310 1200 1361; x_wconf 90' lang='lat' dir='ltr'><strong>et</strong></span> <span class='ocrx_word' id='word_1_11' title='bbox 1225 1303 1282 1358; x_wconf 82' lang='lat' dir='ltr'><strong>fide</strong></span> <span class='ocrx_word' id='word_1_12' title='bbox 1306 1301 1400 1374; x_wconf 87' lang='lat' dir='ltr'><strong>digni,</strong></span> <span class='ocrx_word' id='word_1_13' title='bbox 1425 1299 1593 1358; x_wconf 73' lang='lat' dir='ltr'><strong>duedecim</strong></span> <span class='ocrx_word' id='word_1_14' title='bbox 1618 1305 1674 1356; x_wconf 74' lang='lat' dir='ltr'><strong>aut</strong></span> 
     </span>
     <span class='ocr_line' id='line_1_3' title="bbox 471 1382 1673 1470; baseline -0.014 -13"><span class='ocrx_word' id='word_1_15' title='bbox 471 1382 558 1428; x_wconf 61' lang='grc' dir='ltr'><strong>ΝΜ</strong></span> <span class='ocrx_word' id='word_1_16' title='bbox 608 1399 718 1470; x_wconf 87' lang='lat' dir='ltr'><strong>plures,</strong></span> <span class='ocrx_word' id='word_1_17' title='bbox 738 1398 790 1469; x_wconf 90' lang='lat' dir='ltr'><strong>qui</strong></span> <span class='ocrx_word' id='word_1_18' title='bbox 808 1396 964 1452; x_wconf 87' lang='lat' dir='ltr'><strong>veritatem</strong></span> <span class='ocrx_word' id='word_1_19' title='bbox 984 1409 1074 1464; x_wconf 90' lang='lat' dir='ltr'><strong>snper</strong></span> <span class='ocrx_word' id='word_1_20' title='bbox 1098 1390 1147 1446; x_wconf 87' lang='lat' dir='ltr'><strong>his</strong></span> <span class='ocrx_word' id='word_1_21' title='bbox 1171 1388 1278 1445; x_wconf 88' lang='lat' dir='ltr'><strong>melius</strong></span> <span class='ocrx_word' id='word_1_22' title='bbox 1303 1390 1458 1451; x_wconf 75' lang='lat' dir='ltr'><strong>neverunt,</strong></span> <span class='ocrx_word' id='word_1_23' title='bbox 1487 1390 1521 1442; x_wconf 87' lang='lat' dir='ltr'><strong>et</strong></span> <span class='ocrx_word' id='word_1_24' title='bbox 1549 1383 1673 1441; x_wconf 80' lang='lat' dir='ltr'><strong>fidelius</strong></span> 
     </span>
     <span class='ocr_line' id='line_1_4' title="bbox 467 1467 1673 1549; baseline -0.015 -7"><span class='ocrx_word' id='word_1_25' title='bbox 467 1498 583 1544; x_wconf 64' lang='lat' dir='ltr'><strong>tumn</strong></span> <span class='ocrx_word' id='word_1_26' title='bbox 608 1483 758 1539; x_wconf 81' lang='lat' dir='ltr'><strong>voluerint</strong></span> <span class='ocrx_word' id='word_1_27' title='bbox 775 1481 977 1537; x_wconf 81' lang='lat' dir='ltr'><strong>testimonium</strong></span> <span class='ocrx_word' id='word_1_28' title='bbox 995 1475 1150 1549; x_wconf 88' lang='lat' dir='ltr'><strong>perhibere</strong></span> <span class='ocrx_word' id='word_1_29' title='bbox 1165 1473 1303 1538; x_wconf 59' lang='lat' dir='ltr'><strong>veritam</strong></span> <span class='ocrx_word' id='word_1_30' title='bbox 1322 1478 1354 1528; x_wconf 89' lang='lat' dir='ltr'><strong>et</strong></span> <span class='ocrx_word' id='word_1_31' title='bbox 1373 1470 1469 1544; x_wconf 85' lang='lat' dir='ltr'><strong>jurati</strong></span> <span class='ocrx_word' id='word_1_32' title='bbox 1493 1469 1612 1535; x_wconf 67' lang='lat' dir='ltr'><strong>dicant</strong></span> <span class='ocrx_word' id='word_1_33' title='bbox 1632 1467 1673 1524; x_wconf 83' lang='lat' dir='ltr'><strong>ad</strong></span> 
     </span>
     <span class='ocr_line' id='line_1_5' title="bbox 440 1556 1671 1658; baseline -0.014 -33"><span class='ocrx_word' id='word_1_34' title='bbox 440 1562 574 1658; x_wconf 45' lang='lat' dir='ltr'><strong>{baffio</strong></span> <span class='ocrx_word' id='word_1_35' title='bbox 609 1582 697 1639; x_wconf 88' lang='lat' dir='ltr'><strong>quam</strong></span> <span class='ocrx_word' id='word_1_36' title='bbox 714 1566 811 1638; x_wconf 89' lang='lat' dir='ltr'><strong>petius</strong></span> <span class='ocrx_word' id='word_1_37' title='bbox 836 1564 975 1637; x_wconf 80' lang='lat' dir='ltr'><strong>partium,</strong></span> <span class='ocrx_word' id='word_1_38' title='bbox 993 1561 1136 1632; x_wconf 70' lang='lat' dir='ltr'><strong>praedicta</strong></span> <span class='ocrx_word' id='word_1_39' title='bbox 1161 1557 1289 1629; x_wconf 86' lang='lat' dir='ltr'><strong>dejure</strong></span> <span class='ocrx_word' id='word_1_40' title='bbox 1314 1556 1489 1628; x_wconf 83' lang='lat' dir='ltr'><strong>pertineant,</strong></span> <span class='ocrx_word' id='word_1_41' title='bbox 1509 1559 1545 1610; x_wconf 85' lang='lat' dir='ltr'><strong>et</strong></span> <span class='ocrx_word' id='word_1_42' title='bbox 1570 1559 1671 1610; x_wconf 62' lang='grc' dir='ltr'><em>Μ</em></span> 
     </span>
     <span class='ocr_line' id='line_1_6' title="bbox 441 1626 1670 1717; baseline -0.014 -8"><span class='ocrx_word' id='word_1_43' title='bbox 441 1626 551 1716; x_wconf 47' lang='lat' dir='ltr'><strong>stis</strong></span> <span class='ocrx_word' id='word_1_44' title='bbox 608 1651 687 1708; x_wconf 73' lang='lat' dir='ltr'><strong>usto</strong></span> <span class='ocrx_word' id='word_1_45' title='bbox 714 1651 844 1706; x_wconf 73' lang='lat' dir='ltr'><strong>omnium</strong></span> <span class='ocrx_word' id='word_1_46' title='bbox 873 1655 925 1703; x_wconf 72' lang='lat' dir='ltr'><strong>sus</strong></span> <span class='ocrx_word' id='word_1_47' title='bbox 952 1646 1074 1717; x_wconf 69' lang='lat' dir='ltr'><strong>majora</strong></span> <span class='ocrx_word' id='word_1_48' title='bbox 1103 1643 1206 1716; x_wconf 70' lang='lat' dir='ltr'><strong>pura.</strong></span> <span class='ocrx_word' id='word_1_49' title='bbox 1247 1642 1391 1697; x_wconf 69' lang='lat' dir='ltr'><strong>Domum</strong></span> <span class='ocrx_word' id='word_1_50' title='bbox 1421 1639 1670 1712; x_wconf 62' lang='lat' dir='ltr'><strong>massam</strong></span> 
     </span>
     <span class='ocr_line' id='line_1_7' title="bbox 441 1716 1671 1811; baseline -0.012 -17"><span class='ocrx_word' id='word_1_51' title='bbox 441 1716 572 1811; x_wconf 40' lang='grc' dir='ltr'><em>ἢῆ</em></span> <span class='ocrx_word' id='word_1_52' title='bbox 607 1736 759 1807; x_wconf 74' lang='lat' dir='ltr'><strong>praecipiet</strong></span> <span class='ocrx_word' id='word_1_53' title='bbox 770 1735 830 1789; x_wconf 90' lang='lat' dir='ltr'><strong>illis</strong></span> <span class='ocrx_word' id='word_1_54' title='bbox 849 1733 904 1788; x_wconf 91' lang='lat' dir='ltr'><strong>sub</strong></span> <span class='ocrx_word' id='word_1_55' title='bbox 922 1730 1159 1786; x_wconf 84' lang='lat' dir='ltr'><strong>interminatione</strong></span> <span class='ocrx_word' id='word_1_56' title='bbox 1175 1726 1376 1790; x_wconf 77' lang='lat' dir='ltr'><strong>anathematis,</strong></span> <span class='ocrx_word' id='word_1_57' title='bbox 1390 1731 1547 1781; x_wconf 80' lang='lat' dir='ltr'><strong>utrarum</strong></span> <span class='ocrx_word' id='word_1_58' title='bbox 1566 1724 1671 1780; x_wconf 83' lang='lat' dir='ltr'><strong>dicant</strong></span> 
     </span>
     <span class='ocr_line' id='line_1_8' title="bbox 441 1808 1670 1920; baseline -0.013 -42"><span class='ocrx_word' id='word_1_59' title='bbox 441 1814 571 1920; x_wconf 44' lang='lat' dir='ltr'><strong>ffiffffi</strong></span> <span class='ocrx_word' id='word_1_60' title='bbox 607 1820 683 1876; x_wconf 90' lang='lat' dir='ltr'><strong>bena</strong></span> <span class='ocrx_word' id='word_1_61' title='bbox 709 1820 766 1874; x_wconf 85' lang='lat' dir='ltr'><strong>tide</strong></span> <span class='ocrx_word' id='word_1_62' title='bbox 794 1823 824 1873; x_wconf 89' lang='lat' dir='ltr'><strong>et</strong></span> <span class='ocrx_word' id='word_1_63' title='bbox 850 1817 914 1872; x_wconf 90' lang='lat' dir='ltr'><strong>sine</strong></span> <span class='ocrx_word' id='word_1_64' title='bbox 942 1816 1109 1887; x_wconf 87' lang='lat' dir='ltr'><strong>acceptione</strong></span> <span class='ocrx_word' id='word_1_65' title='bbox 1132 1829 1272 1885; x_wconf 85' lang='lat' dir='ltr'><strong>persenae.</strong></span> <span class='ocrx_word' id='word_1_66' title='bbox 1308 1810 1382 1866; x_wconf 70' lang='lat' dir='ltr'><strong>Haeo</strong></span> <span class='ocrx_word' id='word_1_67' title='bbox 1400 1814 1500 1865; x_wconf 82' lang='lat' dir='ltr'><strong>autern</strong></span> <span class='ocrx_word' id='word_1_68' title='bbox 1526 1808 1670 1864; x_wconf 67' lang='lat' dir='ltr'><strong>arbimti</strong></span> 
     </span>
     <span class='ocr_line' id='line_1_9' title="bbox 438 1893 1670 1970; baseline -0.01 -9"><span class='ocrx_word' id='word_1_69' title='bbox 438 1916 500 1969; x_wconf 68' lang='lat' dir='ltr'><strong>turs.</strong></span> <span class='ocrx_word' id='word_1_70' title='bbox 610 1920 721 1967; x_wconf 88' lang='lat' dir='ltr'><strong>sumus,</strong></span> <span class='ocrx_word' id='word_1_71' title='bbox 742 1902 824 1958; x_wconf 84' lang='lat' dir='ltr'><strong>salva</strong></span> <span class='ocrx_word' id='word_1_72' title='bbox 841 1901 873 1955; x_wconf 92' lang='lat' dir='ltr'><strong>in</strong></span> <span class='ocrx_word' id='word_1_73' title='bbox 889 1899 1025 1956; x_wconf 89' lang='lat' dir='ltr'><strong>omnibus</strong></span> <span class='ocrx_word' id='word_1_74' title='bbox 1043 1897 1213 1970; x_wconf 74' lang='lat' dir='ltr'><strong>apostolieae</strong></span> <span class='ocrx_word' id='word_1_75' title='bbox 1236 1895 1315 1951; x_wconf 89' lang='lat' dir='ltr'><strong>sedis</strong></span> <span class='ocrx_word' id='word_1_76' title='bbox 1339 1893 1513 1950; x_wconf 78' lang='lat' dir='ltr'><strong>auctoritate</strong></span> <span class='ocrx_word' id='word_1_77' title='bbox 1533 1900 1567 1949; x_wconf 82' lang='lat' dir='ltr'><strong>et</strong></span> <span class='ocrx_word' id='word_1_78' title='bbox 1583 1909 1670 1949; x_wconf 78' lang='lat' dir='ltr'><strong>rare-</strong></span> 
     </span>
     <span class='ocr_line' id='line_1_10' title="bbox 608 1976 1667 2042; baseline -0.009 -1"><span class='ocrx_word' id='word_1_79' title='bbox 608 1988 712 2042; x_wconf 89' lang='lat' dir='ltr'><strong>rentia.</strong></span> <span class='ocrx_word' id='word_1_80' title='bbox 749 1986 873 2041; x_wconf 81' lang='lat' dir='ltr'><strong>Factum</strong></span> <span class='ocrx_word' id='word_1_81' title='bbox 890 1992 937 2042; x_wconf 87' lang='lat' dir='ltr'><strong>est</strong></span> <span class='ocrx_word' id='word_1_82' title='bbox 962 1989 1063 2040; x_wconf 89' lang='lat' dir='ltr'><strong>autem</strong></span> <span class='ocrx_word' id='word_1_83' title='bbox 1089 1982 1144 2037; x_wconf 86' lang='lat' dir='ltr'><strong>hcc</strong></span> <span class='ocrx_word' id='word_1_84' title='bbox 1162 1980 1317 2036; x_wconf 82' lang='lat' dir='ltr'><strong>arbitrium</strong></span> <span class='ocrx_word' id='word_1_85' title='bbox 1342 1995 1418 2034; x_wconf 91' lang='lat' dir='ltr'><strong>anne</strong></span> <span class='ocrx_word' id='word_1_86' title='bbox 1445 1976 1667 2032; x_wconf 73' lang='lat' dir='ltr'><strong>Inearnationis</strong></span> 
     </span>
     <span class='ocr_line' id='line_1_11' title="bbox 610 2060 1669 2138; baseline -0.011 -12"><span class='ocrx_word' id='word_1_87' title='bbox 610 2070 772 2126; x_wconf 81' lang='lat' dir='ltr'><strong>Dominicoe</strong></span> <span class='ocrx_word' id='word_1_88' title='bbox 798 2073 916 2135; x_wconf 74' lang='lat' dir='ltr'><strong>1⁰.ec·.;</strong></span> <span class='ocrx_word' id='word_1_89' title='bbox 942 2085 1017 2122; x_wconf 87' lang='lat' dir='ltr'><strong>anne</strong></span> <span class='ocrx_word' id='word_1_90' title='bbox 1037 2063 1222 2138; x_wconf 84' lang='lat' dir='ltr'><strong>pontificatus</strong></span> <span class='ocrx_word' id='word_1_91' title='bbox 1241 2062 1352 2118; x_wconf 91' lang='lat' dir='ltr'><strong>demini</strong></span> <span class='ocrx_word' id='word_1_92' title='bbox 1375 2060 1545 2116; x_wconf 79' lang='lat' dir='ltr'><strong>Innocenffi</strong></span> <span class='ocrx_word' id='word_1_93' title='bbox 1570 2060 1669 2122; x_wconf 76' lang='lat' dir='ltr'><strong>tertii,</strong></span> 
     </span>
     <span class='ocr_line' id='line_1_12' title="bbox 610 2143 1665 2226; baseline -0.009 -16"><span class='ocrx_word' id='word_1_94' title='bbox 610 2155 718 2211; x_wconf 90' lang='lat' dir='ltr'><strong>summi</strong></span> <span class='ocrx_word' id='word_1_95' title='bbox 735 2153 892 2226; x_wconf 88' lang='lat' dir='ltr'><strong>pontificis,</strong></span> <span class='ocrx_word' id='word_1_96' title='bbox 913 2152 1020 2217; x_wconf 81' lang='lat' dir='ltr'><strong>terti03</strong></span> <span class='ocrx_word' id='word_1_97' title='bbox 1048 2149 1135 2221; x_wconf 88' lang='lat' dir='ltr'><strong>regni</strong></span> <span class='ocrx_word' id='word_1_98' title='bbox 1152 2148 1236 2220; x_wconf 87' lang='lat' dir='ltr'><strong>regis</strong></span> <span class='ocrx_word' id='word_1_99' title='bbox 1259 2145 1402 2204; x_wconf 82' lang='lat' dir='ltr'><strong>Johannis</strong></span> <span class='ocrx_word' id='word_1_100' title='bbox 1423 2143 1566 2212; x_wconf 78' lang='lat' dir='ltr'><strong>secundo,</strong></span> <span class='ocrx_word' id='word_1_101' title='bbox 1581 2145 1665 2202; x_wconf 65' lang='lat' dir='ltr'><strong>riis.</strong></span> 
     </span>
    </p>

    <p class='ocr_par' dir='ltr' id='par_1_3' title="bbox 610 2233 1299 2309">
     <span class='ocr_line' id='line_1_13' title="bbox 610 2233 1299 2309; baseline -0.013 -14"><span class='ocrx_word' id='word_1_102' title='bbox 610 2238 677 2295; x_wconf 89' lang='lat' dir='ltr'><strong>idus</strong></span> <span class='ocrx_word' id='word_1_103' title='bbox 694 2236 882 2303; x_wconf 87' lang='lat' dir='ltr'><strong>Novembris,</strong></span> <span class='ocrx_word' id='word_1_104' title='bbox 901 2236 980 2309; x_wconf 89' lang='lat' dir='ltr'><strong>apud</strong></span> <span class='ocrx_word' id='word_1_105' title='bbox 996 2233 1299 2292; x_wconf 71' lang='lat' dir='ltr'><strong>westmonasterium.</strong></span> 
     </span>
    </p>
   </div>
   <div class='ocr_carea' id='block_1_3' title="bbox 485 2518 1668 2687">
    <p class='ocr_par' dir='ltr' id='par_1_4' title="bbox 485 2518 1668 2687">
     <span class='ocr_line' id='line_1_14' title="bbox 485 2518 1664 2587; baseline -0.003 -8"><span class='ocrx_word' id='word_1_106' title='bbox 485 2533 554 2579; x_wconf 65' lang='lat' dir='ltr'><strong>m</strong></span> <span class='ocrx_word' id='word_1_107' title='bbox 610 2521 749 2579; x_wconf 84' lang='lat' dir='ltr'>DXLIX.</span> <span class='ocrx_word' id='word_1_108' title='bbox 787 2523 963 2578; x_wconf 82' lang='lat' dir='ltr'><strong>Isnecsnrro</strong></span> <span class='ocrx_word' id='word_1_109' title='bbox 989 2537 1088 2577; x_wconf 75' lang='lat' dir='ltr'><strong>senne</strong></span> <span class='ocrx_word' id='word_1_110' title='bbox 1114 2534 1263 2587; x_wconf 79' lang='lat' dir='ltr'><strong>resumes,</strong></span> <span class='ocrx_word' id='word_1_111' title='bbox 1284 2521 1319 2576; x_wconf 81' lang='grc' dir='ltr'><strong>Ε.</strong></span> <span class='ocrx_word' id='word_1_112' title='bbox 1345 2518 1481 2576; x_wconf 74' lang='lat' dir='ltr'><strong>sumans</strong></span> <span class='ocrx_word' id='word_1_113' title='bbox 1500 2534 1664 2585; x_wconf 79' lang='lat' dir='ltr'><strong>srmmrus,</strong></span> 
     </span>
     <span class='ocr_line' id='line_1_15' title="bbox 610 2605 1668 2687; baseline -0.003 -24"><span class='ocrx_word' id='word_1_114' title='bbox 610 2624 645 2663; x_wconf 84' lang='lat' dir='ltr'><strong>sr</strong></span> <span class='ocrx_word' id='word_1_115' title='bbox 662 2624 751 2662; x_wconf 76' lang='lat' dir='ltr'><strong>sssss</strong></span> <span class='ocrx_word' id='word_1_116' title='bbox 771 2607 877 2663; x_wconf 74' lang='lat' dir='ltr'><strong>Sunt-rr</strong></span> <span class='ocrx_word' id='word_1_117' title='bbox 889 2607 1063 2662; x_wconf 76' lang='lat' dir='ltr'><strong>AEsnnnrur</strong></span> <span class='ocrx_word' id='word_1_118' title='bbox 1080 2621 1115 2661; x_wconf 82' lang='lat' dir='ltr'><strong>rr</strong></span> <span class='ocrx_word' id='word_1_119' title='bbox 1132 2605 1268 2662; x_wconf 65' lang='lat' dir='ltr'><strong>Moenus</strong></span> <span class='ocrx_word' id='word_1_120' title='bbox 1281 2620 1408 2661; x_wconf 77' lang='lat' dir='ltr'><strong>oscines</strong></span> <span class='ocrx_word' id='word_1_121' title='bbox 1426 2605 1668 2687; x_wconf 56' lang='lat' dir='ltr'><strong>Irmeesmasrs,</strong></span> 
     </span>
    </p>
   </div>
   <div class='ocr_carea' id='block_1_4' title="bbox 469 2584 568 2629">
    <p class='ocr_par' dir='ltr' id='par_1_5' title="bbox 469 2584 568 2629">
     <span class='ocr_line' id='line_1_16' title="bbox 469 2584 568 2629; baseline 0.01 -1"><span class='ocrx_word' id='word_1_122' title='bbox 469 2584 527 2629; x_wconf 72' lang='lat' dir='ltr'><strong>Ner.</strong></span> <span class='ocrx_word' id='word_1_123' title='bbox 536 2588 568 2629; x_wconf 76' lang='lat' dir='ltr'><strong>lt.</strong></span> 
     </span>
    </p>
   </div>
   <div class='ocr_carea' id='block_1_5' title="bbox 442 2712 1668 4466">
    <p class='ocr_par' dir='ltr' id='par_1_6' title="bbox 442 2712 1668 4466">
     <span class='ocr_line' id='line_1_17' title="bbox 443 2712 1668 2786; baseline -0.002 -13"><span class='ocrx_word' id='word_1_124' title='bbox 443 2727 598 2773; x_wconf 59' lang='lat' dir='ltr'><strong>emireius·</strong></span> <span class='ocrx_word' id='word_1_125' title='bbox 646 2716 723 2772; x_wconf 84' lang='lat' dir='ltr'><strong>Cum</strong></span> <span class='ocrx_word' id='word_1_126' title='bbox 754 2715 817 2786; x_wconf 88' lang='lat' dir='ltr'><strong>jam</strong></span> <span class='ocrx_word' id='word_1_127' title='bbox 847 2715 924 2771; x_wconf 90' lang='lat' dir='ltr'><strong>inter</strong></span> <span class='ocrx_word' id='word_1_128' title='bbox 954 2715 1152 2771; x_wconf 86' lang='lat' dir='ltr'><strong>venerabilem</strong></span> <span class='ocrx_word' id='word_1_129' title='bbox 1182 2719 1294 2786; x_wconf 83' lang='lat' dir='ltr'><strong>patrem</strong></span> <span class='ocrx_word' id='word_1_130' title='bbox 1331 2712 1597 2786; x_wconf 89' lang='lat' dir='ltr'><strong>archiepiscopum,</strong></span> <span class='ocrx_word' id='word_1_131' title='bbox 1635 2720 1668 2770; x_wconf 90' lang='lat' dir='ltr'><strong>et</strong></span> 
     </span>
     <span class='ocr_line' id='line_1_18' title="bbox 442 2781 1666 2874; baseline -0.002 -20"><span class='ocrx_word' id='word_1_132' title='bbox 442 2781 597 2874; x_wconf 52' lang='lat' dir='ltr'><strong>ffiffinffl</strong></span> <span class='ocrx_word' id='word_1_133' title='bbox 610 2801 738 2871; x_wconf 81' lang='lat' dir='ltr'>priorem</span> <span class='ocrx_word' id='word_1_134' title='bbox 763 2806 794 2855; x_wconf 92' lang='lat' dir='ltr'><strong>et</strong></span> <span class='ocrx_word' id='word_1_135' title='bbox 817 2800 973 2855; x_wconf 90' lang='lat' dir='ltr'><strong>monaches</strong></span> <span class='ocrx_word' id='word_1_136' title='bbox 992 2798 1226 2863; x_wconf 78' lang='lat' dir='ltr'><strong>(lantuarienses,</strong></span> <span class='ocrx_word' id='word_1_137' title='bbox 1246 2816 1335 2870; x_wconf 90' lang='lat' dir='ltr'><strong>super</strong></span> <span class='ocrx_word' id='word_1_138' title='bbox 1353 2797 1466 2870; x_wconf 88' lang='lat' dir='ltr'><strong>capella</strong></span> <span class='ocrx_word' id='word_1_139' title='bbox 1483 2798 1520 2853; x_wconf 90' lang='lat' dir='ltr'><strong>de</strong></span> <span class='ocrx_word' id='word_1_140' title='bbox 1533 2798 1666 2853; x_wconf 85' lang='lat' dir='ltr'><strong>Lamlree</strong></span> 
     </span>
     <span class='ocr_line' id='line_1_19' title="bbox 442 2880 1664 2974; baseline 0 -36"><span class='ocrx_word' id='word_1_141' title='bbox 442 2880 557 2974; x_wconf 39' lang='grc' dir='ltr'><strong>ἥψω</strong></span> <span class='ocrx_word' id='word_1_142' title='bbox 609 2882 780 2939; x_wconf 75' lang='lat' dir='ltr'><strong>edificanda</strong></span> <span class='ocrx_word' id='word_1_143' title='bbox 797 2884 845 2939; x_wconf 80' lang='lat' dir='ltr'><strong>vel</strong></span> <span class='ocrx_word' id='word_1_144' title='bbox 862 2901 929 2948; x_wconf 92' lang='lat' dir='ltr'><strong>nen,</strong></span> <span class='ocrx_word' id='word_1_145' title='bbox 956 2884 1068 2938; x_wconf 83' lang='lat' dir='ltr'><strong>exeniis</strong></span> <span class='ocrx_word' id='word_1_146' title='bbox 1087 2883 1176 2937; x_wconf 87' lang='lat' dir='ltr'><strong>etiam</strong></span> <span class='ocrx_word' id='word_1_147' title='bbox 1204 2889 1235 2938; x_wconf 90' lang='lat' dir='ltr'><strong>et</strong></span> <span class='ocrx_word' id='word_1_148' title='bbox 1253 2882 1431 2953; x_wconf 88' lang='lat' dir='ltr'><strong>quibusdam</strong></span> <span class='ocrx_word' id='word_1_149' title='bbox 1457 2881 1536 2946; x_wconf 90' lang='lat' dir='ltr'><strong>aliis,</strong></span> <span class='ocrx_word' id='word_1_150' title='bbox 1565 2882 1664 2938; x_wconf 79' lang='lat' dir='ltr'><strong>felicis</strong></span> 
     </span>
     <span class='ocr_line' id='line_1_20' title="bbox 442 2943 1668 3075; baseline 0 -51"><span class='ocrx_word' id='word_1_151' title='bbox 442 2943 556 3075; x_wconf 44' lang='lat' dir='ltr'><strong>saep&amp;</strong></span> <span class='ocrx_word' id='word_1_152' title='bbox 609 2967 758 3023; x_wconf 72' lang='lat' dir='ltr'><strong>memoriis</strong></span> <span class='ocrx_word' id='word_1_153' title='bbox 776 2967 913 3038; x_wconf 87' lang='lat' dir='ltr'><strong>Hugenis</strong></span> <span class='ocrx_word' id='word_1_154' title='bbox 938 2967 1084 3038; x_wconf 90' lang='lat' dir='ltr'><strong>quondam</strong></span> <span class='ocrx_word' id='word_1_155' title='bbox 1102 2966 1298 3022; x_wconf 87' lang='lat' dir='ltr'><strong>Lincelniensi</strong></span> <span class='ocrx_word' id='word_1_156' title='bbox 1322 2966 1467 3038; x_wconf 89' lang='lat' dir='ltr'><strong>episcope,</strong></span> <span class='ocrx_word' id='word_1_157' title='bbox 1492 2983 1609 3022; x_wconf 89' lang='lat' dir='ltr'><strong>necnon</strong></span> <span class='ocrx_word' id='word_1_158' title='bbox 1635 2974 1668 3025; x_wconf 84' lang='lat' dir='ltr'><strong>et</strong></span> 
     </span>
     <span class='ocr_line' id='line_1_21' title="bbox 442 3030 1668 3127; baseline 0.001 -21"><span class='ocrx_word' id='word_1_159' title='bbox 442 3030 587 3127; x_wconf 53' lang='lat' dir='ltr'><strong>ffl„‚⁰⁰¹¹·</strong></span> <span class='ocrx_word' id='word_1_160' title='bbox 610 3051 683 3106; x_wconf 81' lang='lat' dir='ltr'><strong>mun</strong></span> <span class='ocrx_word' id='word_1_161' title='bbox 701 3051 829 3107; x_wconf 68' lang='lat' dir='ltr'><strong>susan</strong></span> <span class='ocrx_word' id='word_1_162' title='bbox 848 3051 979 3106; x_wconf 69' lang='lat' dir='ltr'><strong>secisse</strong></span> <span class='ocrx_word' id='word_1_163' title='bbox 997 3049 1266 3115; x_wconf 62' lang='lat' dir='ltr'><strong>armironensis,</strong></span> <span class='ocrx_word' id='word_1_164' title='bbox 1287 3056 1317 3105; x_wconf 75' lang='lat' dir='ltr'><strong>es</strong></span> <span class='ocrx_word' id='word_1_165' title='bbox 1340 3050 1413 3104; x_wconf 73' lang='lat' dir='ltr'><strong>miss</strong></span> <span class='ocrx_word' id='word_1_166' title='bbox 1438 3050 1536 3106; x_wconf 70' lang='lat' dir='ltr'><strong>anau</strong></span> <span class='ocrx_word' id='word_1_167' title='bbox 1562 3049 1668 3107; x_wconf 66' lang='lat' dir='ltr'><strong>sanos</strong></span> 
     </span>
     <span class='ocr_line' id='line_1_22' title="bbox 609 3134 1668 3206; baseline 0.001 -16"><span class='ocrx_word' id='word_1_168' title='bbox 609 3134 790 3190; x_wconf 80' lang='lat' dir='ltr'><strong>AEadmundi</strong></span> <span class='ocrx_word' id='word_1_169' title='bbox 808 3153 826 3190; x_wconf 89' lang='lat' dir='ltr'><strong>a</strong></span> <span class='ocrx_word' id='word_1_170' title='bbox 849 3141 949 3191; x_wconf 85' lang='lat' dir='ltr'><strong>vestre</strong></span> <span class='ocrx_word' id='word_1_171' title='bbox 968 3135 1121 3191; x_wconf 71' lang='lat' dir='ltr'><strong>sanctitate</strong></span> <span class='ocrx_word' id='word_1_172' title='bbox 1148 3135 1305 3190; x_wconf 88' lang='lat' dir='ltr'><strong>commissa</strong></span> <span class='ocrx_word' id='word_1_173' title='bbox 1323 3134 1446 3201; x_wconf 69' lang='lat' dir='ltr'><strong>fuisset,</strong></span> <span class='ocrx_word' id='word_1_174' title='bbox 1466 3135 1498 3189; x_wconf 91' lang='lat' dir='ltr'><strong>in</strong></span> <span class='ocrx_word' id='word_1_175' title='bbox 1515 3135 1584 3206; x_wconf 90' lang='lat' dir='ltr'><strong>ipsa</strong></span> <span class='ocrx_word' id='word_1_176' title='bbox 1607 3136 1668 3191; x_wconf 81' lang='lat' dir='ltr'><strong>fuit</strong></span> 
     </span>
     <span class='ocr_line' id='line_1_23' title="bbox 610 3218 1667 3291; baseline 0.002 -16"><span class='ocrx_word' id='word_1_177' title='bbox 610 3219 774 3275; x_wconf 90' lang='lat' dir='ltr'><strong>cumomni</strong></span> <span class='ocrx_word' id='word_1_178' title='bbox 793 3219 949 3291; x_wconf 83' lang='lat' dir='ltr'><strong>diligentia</strong></span> <span class='ocrx_word' id='word_1_179' title='bbox 966 3238 1000 3275; x_wconf 93' lang='lat' dir='ltr'><strong>ae</strong></span> <span class='ocrx_word' id='word_1_180' title='bbox 1019 3218 1184 3284; x_wconf 84' lang='lat' dir='ltr'><strong>devotione,</strong></span> <span class='ocrx_word' id='word_1_181' title='bbox 1198 3237 1267 3274; x_wconf 90' lang='lat' dir='ltr'><strong>cum</strong></span> <span class='ocrx_word' id='word_1_182' title='bbox 1286 3218 1446 3274; x_wconf 82' lang='lat' dir='ltr'><strong>multorum</strong></span> <span class='ocrx_word' id='word_1_183' title='bbox 1467 3219 1667 3277; x_wconf 81' lang='lat' dir='ltr'><strong>discretorum</strong></span> 
     </span>
     <span class='ocr_line' id='line_1_24' title="bbox 609 3302 1667 3374; baseline 0.003 -15"><span class='ocrx_word' id='word_1_184' title='bbox 609 3305 741 3360; x_wconf 82' lang='lat' dir='ltr'><strong>virerum</strong></span> <span class='ocrx_word' id='word_1_185' title='bbox 753 3302 962 3359; x_wconf 81' lang='lat' dir='ltr'><strong>deliberatione</strong></span> <span class='ocrx_word' id='word_1_186' title='bbox 975 3302 1101 3367; x_wconf 90' lang='lat' dir='ltr'><strong>consilii,</strong></span> <span class='ocrx_word' id='word_1_187' title='bbox 1116 3308 1258 3374; x_wconf 87' lang='lat' dir='ltr'><strong>quatenus</strong></span> <span class='ocrx_word' id='word_1_188' title='bbox 1271 3303 1378 3368; x_wconf 84' lang='lat' dir='ltr'><strong>decuit,</strong></span> <span class='ocrx_word' id='word_1_189' title='bbox 1394 3303 1481 3373; x_wconf 75' lang='lat' dir='ltr'><strong>juxta</strong></span> <span class='ocrx_word' id='word_1_190' title='bbox 1491 3304 1667 3363; x_wconf 81' lang='lat' dir='ltr'><strong>mandatnm</strong></span> 
     </span>
     <span class='ocr_line' id='line_1_25' title="bbox 610 3386 1667 3459; baseline 0.002 -16"><span class='ocrx_word' id='word_1_191' title='bbox 610 3393 715 3443; x_wconf 71' lang='lat' dir='ltr'><strong>vestrae</strong></span> <span class='ocrx_word' id='word_1_192' title='bbox 745 3387 933 3443; x_wconf 88' lang='lat' dir='ltr'><strong>sublimitatis</strong></span> <span class='ocrx_word' id='word_1_193' title='bbox 964 3404 1143 3458; x_wconf 80' lang='lat' dir='ltr'><strong>processum.</strong></span> <span class='ocrx_word' id='word_1_194' title='bbox 1198 3386 1328 3441; x_wconf 84' lang='lat' dir='ltr'><strong>Tandem</strong></span> <span class='ocrx_word' id='word_1_195' title='bbox 1357 3404 1427 3441; x_wconf 82' lang='lat' dir='ltr'><strong>vere</strong></span> <span class='ocrx_word' id='word_1_196' title='bbox 1456 3393 1524 3459; x_wconf 88' lang='lat' dir='ltr'><strong>pest</strong></span> <span class='ocrx_word' id='word_1_197' title='bbox 1552 3390 1667 3445; x_wconf 87' lang='lat' dir='ltr'><strong>multas</strong></span> 
     </span>
     <span class='ocr_line' id='line_1_26' title="bbox 610 3469 1666 3546; baseline 0.004 -20"><span class='ocrx_word' id='word_1_198' title='bbox 610 3474 765 3543; x_wconf 86' lang='lat' dir='ltr'><strong>utriusque</strong></span> <span class='ocrx_word' id='word_1_199' title='bbox 783 3472 875 3543; x_wconf 88' lang='lat' dir='ltr'><strong>partis</strong></span> <span class='ocrx_word' id='word_1_200' title='bbox 888 3472 1015 3527; x_wconf 89' lang='lat' dir='ltr'><strong>rationes</strong></span> <span class='ocrx_word' id='word_1_201' title='bbox 1033 3477 1064 3526; x_wconf 93' lang='lat' dir='ltr'><strong>et</strong></span> <span class='ocrx_word' id='word_1_202' title='bbox 1081 3469 1283 3542; x_wconf 83' lang='lat' dir='ltr'><strong>allegationes,</strong></span> <span class='ocrx_word' id='word_1_203' title='bbox 1297 3471 1411 3542; x_wconf 80' lang='lat' dir='ltr'><strong>praefati</strong></span> <span class='ocrx_word' id='word_1_204' title='bbox 1424 3470 1666 3546; x_wconf 75' lang='lat' dir='ltr'><strong>archiepiscopus</strong></span> 
     </span>
     <span class='ocr_line' id='line_1_27' title="bbox 611 3554 1667 3626; baseline 0.004 -17"><span class='ocrx_word' id='word_1_205' title='bbox 611 3564 641 3612; x_wconf 90' lang='lat' dir='ltr'><strong>et</strong></span> <span class='ocrx_word' id='word_1_206' title='bbox 659 3556 792 3611; x_wconf 89' lang='lat' dir='ltr'><strong>monaehi</strong></span> <span class='ocrx_word' id='word_1_207' title='bbox 811 3558 842 3609; x_wconf 92' lang='lat' dir='ltr'><strong>in</strong></span> <span class='ocrx_word' id='word_1_208' title='bbox 861 3562 996 3619; x_wconf 88' lang='lat' dir='ltr'><strong>nostres,</strong></span> <span class='ocrx_word' id='word_1_209' title='bbox 1018 3572 1107 3626; x_wconf 91' lang='lat' dir='ltr'><strong>super</strong></span> <span class='ocrx_word' id='word_1_210' title='bbox 1126 3554 1275 3626; x_wconf 74' lang='lat' dir='ltr'><strong>praedietis</strong></span> <span class='ocrx_word' id='word_1_211' title='bbox 1295 3555 1428 3609; x_wconf 87' lang='lat' dir='ltr'><strong>omnibus</strong></span> <span class='ocrx_word' id='word_1_212' title='bbox 1449 3574 1513 3625; x_wconf 84' lang='lat' dir='ltr'><strong>quae</strong></span> <span class='ocrx_word' id='word_1_213' title='bbox 1541 3556 1573 3610; x_wconf 89' lang='lat' dir='ltr'><strong>in</strong></span> <span class='ocrx_word' id='word_1_214' title='bbox 1598 3576 1667 3613; x_wconf 89' lang='lat' dir='ltr'><strong>con-</strong></span> 
     </span>
     <span class='ocr_line' id='line_1_28' title="bbox 611 3639 1665 3714; baseline 0.003 -21"><span class='ocrx_word' id='word_1_215' title='bbox 611 3642 737 3694; x_wconf 86' lang='lat' dir='ltr'><strong>tentione</strong></span> <span class='ocrx_word' id='word_1_216' title='bbox 756 3648 904 3705; x_wconf 83' lang='lat' dir='ltr'><strong>venerant,</strong></span> <span class='ocrx_word' id='word_1_217' title='bbox 925 3639 1161 3710; x_wconf 85' lang='lat' dir='ltr'><strong>compromittere</strong></span> <span class='ocrx_word' id='word_1_218' title='bbox 1181 3639 1381 3694; x_wconf 88' lang='lat' dir='ltr'><strong>decreverunt.</strong></span> <span class='ocrx_word' id='word_1_219' title='bbox 1426 3639 1489 3694; x_wconf 91' lang='lat' dir='ltr'><strong>Nos</strong></span> <span class='ocrx_word' id='word_1_220' title='bbox 1509 3658 1580 3695; x_wconf 88' lang='lat' dir='ltr'><strong>vere</strong></span> <span class='ocrx_word' id='word_1_221' title='bbox 1600 3662 1665 3714; x_wconf 89' lang='lat' dir='ltr'><strong>per-</strong></span> 
     </span>
     <span class='ocr_line' id='line_1_29' title="bbox 612 3722 1665 3794; baseline 0.007 -19"><span class='ocrx_word' id='word_1_222' title='bbox 612 3732 729 3793; x_wconf 87' lang='lat' dir='ltr'><strong>petuam</strong></span> <span class='ocrx_word' id='word_1_223' title='bbox 748 3742 849 3794; x_wconf 87' lang='lat' dir='ltr'><strong>pacem</strong></span> <span class='ocrx_word' id='word_1_224' title='bbox 868 3743 900 3777; x_wconf 87' lang='lat' dir='ltr'><strong>ec</strong></span> <span class='ocrx_word' id='word_1_225' title='bbox 920 3722 1165 3793; x_wconf 85' lang='lat' dir='ltr'><strong>tranquillitatem</strong></span> <span class='ocrx_word' id='word_1_226' title='bbox 1184 3722 1404 3777; x_wconf 68' lang='lat' dir='ltr'><strong>cantuariensis</strong></span> <span class='ocrx_word' id='word_1_227' title='bbox 1423 3723 1555 3778; x_wconf 85' lang='lat' dir='ltr'><strong>ecclcsiae</strong></span> <span class='ocrx_word' id='word_1_228' title='bbox 1576 3734 1665 3782; x_wconf 77' lang='lat' dir='ltr'><strong>restu-</strong></span> 
     </span>
     <span class='ocr_line' id='line_1_30' title="bbox 612 3807 1668 3881; baseline 0.006 -21"><span class='ocrx_word' id='word_1_229' title='bbox 612 3809 673 3861; x_wconf 87' lang='lat' dir='ltr'><strong>anti</strong></span> <span class='ocrx_word' id='word_1_230' title='bbox 692 3808 891 3862; x_wconf 85' lang='lat' dir='ltr'><strong>desiderantes</strong></span> <span class='ocrx_word' id='word_1_231' title='bbox 910 3808 1025 3871; x_wconf 81' lang='lat' dir='ltr'><strong>affectu,</strong></span> <span class='ocrx_word' id='word_1_232' title='bbox 1046 3807 1102 3861; x_wconf 89' lang='lat' dir='ltr'><strong>Dei</strong></span> <span class='ocrx_word' id='word_1_233' title='bbox 1121 3808 1226 3861; x_wconf 88' lang='lat' dir='ltr'><strong>timere</strong></span> <span class='ocrx_word' id='word_1_234' title='bbox 1254 3826 1315 3877; x_wconf 72' lang='lat' dir='ltr'><strong>prae</strong></span> <span class='ocrx_word' id='word_1_235' title='bbox 1334 3807 1426 3862; x_wconf 89' lang='lat' dir='ltr'><strong>oeulis</strong></span> <span class='ocrx_word' id='word_1_236' title='bbox 1445 3808 1556 3873; x_wconf 87' lang='lat' dir='ltr'><strong>habite,</strong></span> <span class='ocrx_word' id='word_1_237' title='bbox 1577 3819 1668 3881; x_wconf 87' lang='lat' dir='ltr'><strong>prout</strong></span> 
     </span>
     <span class='ocr_line' id='line_1_31' title="bbox 613 3890 1664 3962; baseline 0.007 -19"><span class='ocrx_word' id='word_1_238' title='bbox 613 3890 718 3945; x_wconf 90' lang='lat' dir='ltr'><strong>melius</strong></span> <span class='ocrx_word' id='word_1_239' title='bbox 746 3893 885 3946; x_wconf 87' lang='lat' dir='ltr'><strong>scivimus</strong></span> <span class='ocrx_word' id='word_1_240' title='bbox 914 3910 947 3945; x_wconf 88' lang='lat' dir='ltr'><strong>ac</strong></span> <span class='ocrx_word' id='word_1_241' title='bbox 966 3892 1124 3961; x_wconf 90' lang='lat' dir='ltr'><strong>potuimus,</strong></span> <span class='ocrx_word' id='word_1_242' title='bbox 1145 3892 1221 3945; x_wconf 88' lang='lat' dir='ltr'><strong>sicut</strong></span> <span class='ocrx_word' id='word_1_243' title='bbox 1248 3891 1277 3944; x_wconf 91' lang='lat' dir='ltr'><strong>iu</strong></span> <span class='ocrx_word' id='word_1_244' title='bbox 1303 3898 1402 3946; x_wconf 90' lang='lat' dir='ltr'><strong>tenere</strong></span> <span class='ocrx_word' id='word_1_245' title='bbox 1428 3892 1531 3962; x_wconf 85' lang='lat' dir='ltr'><strong>scripti</strong></span> <span class='ocrx_word' id='word_1_246' title='bbox 1559 3897 1664 3958; x_wconf 87' lang='lat' dir='ltr'><strong>uestri,</strong></span> 
     </span>
     <span class='ocr_line' id='line_1_32' title="bbox 614 3974 1664 4048; baseline 0.008 -23"><span class='ocrx_word' id='word_1_247' title='bbox 614 3974 691 4043; x_wconf 88' lang='lat' dir='ltr'><strong>qued</strong></span> <span class='ocrx_word' id='word_1_248' title='bbox 720 3981 825 4029; x_wconf 82' lang='lat' dir='ltr'><strong>vestrae</strong></span> <span class='ocrx_word' id='word_1_249' title='bbox 855 3976 1023 4045; x_wconf 83' lang='lat' dir='ltr'><strong>paternitati</strong></span> <span class='ocrx_word' id='word_1_250' title='bbox 1051 3976 1287 4038; x_wconf 84' lang='lat' dir='ltr'><strong>transmittimus,</strong></span> <span class='ocrx_word' id='word_1_251' title='bbox 1320 3977 1485 4030; x_wconf 86' lang='lat' dir='ltr'><strong>continetur</strong></span> <span class='ocrx_word' id='word_1_252' title='bbox 1517 3981 1664 4048; x_wconf 75' lang='lat' dir='ltr'><strong>superine,</strong></span> 
     </span>
     <span class='ocr_line' id='line_1_33' title="bbox 613 4058 1666 4128; baseline 0.007 -18"><span class='ocrx_word' id='word_1_253' title='bbox 613 4075 703 4126; x_wconf 77' lang='lat' dir='ltr'><strong>suuper</strong></span> <span class='ocrx_word' id='word_1_254' title='bbox 734 4058 771 4112; x_wconf 89' lang='lat' dir='ltr'><strong>iis</strong></span> <span class='ocrx_word' id='word_1_255' title='bbox 802 4076 867 4127; x_wconf 82' lang='lat' dir='ltr'><strong>qum</strong></span> <span class='ocrx_word' id='word_1_256' title='bbox 892 4059 1089 4128; x_wconf 72' lang='lat' dir='ltr'><strong>praemisimus</strong></span> <span class='ocrx_word' id='word_1_257' title='bbox 1117 4058 1289 4128; x_wconf 86' lang='lat' dir='ltr'><strong>diligentius</strong></span> <span class='ocrx_word' id='word_1_258' title='bbox 1314 4060 1466 4125; x_wconf 75' lang='lat' dir='ltr'><strong>arbitrati,</strong></span> <span class='ocrx_word' id='word_1_259' title='bbox 1499 4061 1666 4117; x_wconf 76' lang='lat' dir='ltr'><strong>clementie</strong></span> 
     </span>
     <span class='ocr_line' id='line_1_34' title="bbox 614 4141 1665 4215; baseline 0.005 -19"><span class='ocrx_word' id='word_1_260' title='bbox 614 4147 718 4196; x_wconf 74' lang='lat' dir='ltr'><strong>vestrae</strong></span> <span class='ocrx_word' id='word_1_261' title='bbox 732 4141 920 4196; x_wconf 78' lang='lat' dir='ltr'><strong>devotissime</strong></span> <span class='ocrx_word' id='word_1_262' title='bbox 939 4143 1148 4212; x_wconf 81' lang='lat' dir='ltr'><strong>supplicantes,</strong></span> <span class='ocrx_word' id='word_1_263' title='bbox 1164 4151 1318 4212; x_wconf 88' lang='lat' dir='ltr'><strong>quatenus,</strong></span> <span class='ocrx_word' id='word_1_264' title='bbox 1333 4146 1358 4198; x_wconf 89' lang='lat' dir='ltr'><strong>si</strong></span> <span class='ocrx_word' id='word_1_265' title='bbox 1378 4144 1482 4215; x_wconf 84' lang='lat' dir='ltr'><strong>placet,</strong></span> <span class='ocrx_word' id='word_1_266' title='bbox 1503 4147 1665 4202; x_wconf 86' lang='lat' dir='ltr'><strong>secuudum</strong></span> 
     </span>
     <span class='ocr_line' id='line_1_35' title="bbox 615 4226 1668 4302; baseline 0.009 -24"><span class='ocrx_word' id='word_1_267' title='bbox 615 4226 692 4296; x_wconf 86' lang='lat' dir='ltr'><strong>qued</strong></span> <span class='ocrx_word' id='word_1_268' title='bbox 710 4234 815 4281; x_wconf 79' lang='lat' dir='ltr'><strong>vestrm</strong></span> <span class='ocrx_word' id='word_1_269' title='bbox 834 4226 1104 4296; x_wconf 87' lang='lat' dir='ltr'><strong>circumspectionis</strong></span> <span class='ocrx_word' id='word_1_270' title='bbox 1123 4228 1278 4297; x_wconf 86' lang='lat' dir='ltr'><strong>prudentia</strong></span> <span class='ocrx_word' id='word_1_271' title='bbox 1296 4229 1404 4283; x_wconf 81' lang='lat' dir='ltr'><strong>viderit</strong></span> <span class='ocrx_word' id='word_1_272' title='bbox 1422 4230 1569 4299; x_wconf 85' lang='lat' dir='ltr'><strong>expedire,</strong></span> <span class='ocrx_word' id='word_1_273' title='bbox 1591 4251 1668 4302; x_wconf 84' lang='lat' dir='ltr'><strong>prae·</strong></span> 
     </span>
     <span class='ocr_line' id='line_1_36' title="bbox 613 4310 1668 4394; baseline 0.009 -31"><span class='ocrx_word' id='word_1_274' title='bbox 613 4310 725 4364; x_wconf 90' lang='lat' dir='ltr'><strong>dictum</strong></span> <span class='ocrx_word' id='word_1_275' title='bbox 738 4311 902 4375; x_wconf 82' lang='lat' dir='ltr'><strong>arbitrium,</strong></span> <span class='ocrx_word' id='word_1_276' title='bbox 917 4310 954 4364; x_wconf 88' lang='lat' dir='ltr'><strong>ud</strong></span> <span class='ocrx_word' id='word_1_277' title='bbox 967 4311 1125 4365; x_wconf 88' lang='lat' dir='ltr'><strong>sedandam</strong></span> <span class='ocrx_word' id='word_1_278' title='bbox 1138 4313 1313 4368; x_wconf 88' lang='lat' dir='ltr'><strong>discordiam</strong></span> <span class='ocrx_word' id='word_1_279' title='bbox 1326 4320 1355 4367; x_wconf 88' lang='lat' dir='ltr'><strong>ct</strong></span> <span class='ocrx_word' id='word_1_280' title='bbox 1373 4331 1473 4384; x_wconf 85' lang='lat' dir='ltr'><strong>pacem</strong></span> <span class='ocrx_word' id='word_1_281' title='bbox 1492 4328 1668 4394; x_wconf 87' lang='lat' dir='ltr'><strong>perpetuam</strong></span> 
     </span>
     <span class='ocr_line' id='line_1_37' title="bbox 614 4396 1668 4466; baseline 0.009 -18"><span class='ocrx_word' id='word_1_282' title='bbox 614 4396 834 4460; x_wconf 84' lang='lat' dir='ltr'><strong>observandam,</strong></span> <span class='ocrx_word' id='word_1_283' title='bbox 849 4396 1010 4466; x_wconf 82' lang='lat' dir='ltr'><strong>dignemini</strong></span> <span class='ocrx_word' id='word_1_284' title='bbox 1022 4396 1203 4452; x_wconf 87' lang='lat' dir='ltr'><strong>confirmare.</strong></span> <span class='ocrx_word' id='word_1_285' title='bbox 1230 4396 1391 4453; x_wconf 83' lang='lat' dir='ltr'><strong>Conservet</strong></span> <span class='ocrx_word' id='word_1_286' title='bbox 1408 4417 1460 4454; x_wconf 86' lang='lat' dir='ltr'><strong>ves</strong></span> <span class='ocrx_word' id='word_1_287' title='bbox 1474 4399 1555 4455; x_wconf 90' lang='lat' dir='ltr'><strong>Deus</strong></span> <span class='ocrx_word' id='word_1_288' title='bbox 1575 4403 1668 4458; x_wconf 84' lang='lat' dir='ltr'><strong>eecle-</strong></span> 
     </span>
    </p>
   </div>
   <div class='ocr_carea' id='block_1_6' title="bbox 615 4481 1262 4552">
    <p class='ocr_par' dir='ltr' id='par_1_7' title="bbox 615 4481 1262 4552">
     <span class='ocr_line' id='line_1_38' title="bbox 615 4481 1262 4552; baseline 0.002 -17"><span class='ocrx_word' id='word_1_289' title='bbox 615 4481 666 4535; x_wconf 85' lang='lat' dir='ltr'><strong>sies</strong></span> <span class='ocrx_word' id='word_1_290' title='bbox 686 4481 754 4536; x_wconf 78' lang='lat' dir='ltr'><strong>Suae</strong></span> <span class='ocrx_word' id='word_1_291' title='bbox 773 4487 880 4536; x_wconf 74' lang='lat' dir='ltr'><strong>saneta</strong></span> <span class='ocrx_word' id='word_1_292' title='bbox 899 4499 952 4551; x_wconf 91' lang='lat' dir='ltr'><strong>per</strong></span> <span class='ocrx_word' id='word_1_293' title='bbox 970 4487 1102 4551; x_wconf 88' lang='lat' dir='ltr'><strong>tempere</strong></span> <span class='ocrx_word' id='word_1_294' title='bbox 1120 4482 1262 4552; x_wconf 87' lang='lat' dir='ltr'><strong>longiore.</strong></span> 
     </span>
    </p>
   </div>
   <div class='ocr_carea' id='block_1_7' title="bbox 472 4760 1633 4907">
    <p class='ocr_par' dir='ltr' id='par_1_8' title="bbox 472 4760 1633 4907">
     <span class='ocr_line' id='line_1_39' title="bbox 472 4760 1633 4856; baseline 0.011 -41"><span class='ocrx_word' id='word_1_295' title='bbox 472 4760 571 4856; x_wconf 46' lang='lat' dir='ltr'><strong>Nm&amp;</strong></span> <span class='ocrx_word' id='word_1_296' title='bbox 651 4762 713 4816; x_wconf 84' lang='lat' dir='ltr'><strong>DL.</strong></span> <span class='ocrx_word' id='word_1_297' title='bbox 752 4763 928 4819; x_wconf 80' lang='lat' dir='ltr'><strong>queesurie</strong></span> <span class='ocrx_word' id='word_1_298' title='bbox 947 4780 1044 4821; x_wconf 80' lang='lat' dir='ltr'><strong>sunno</strong></span> <span class='ocrx_word' id='word_1_299' title='bbox 1064 4781 1203 4821; x_wconf 77' lang='lat' dir='ltr'><strong>rennues</strong></span> <span class='ocrx_word' id='word_1_300' title='bbox 1216 4769 1373 4824; x_wconf 76' lang='lat' dir='ltr'><strong>Hesperus</strong></span> <span class='ocrx_word' id='word_1_301' title='bbox 1394 4783 1633 4829; x_wconf 79' lang='lat' dir='ltr'><strong>sneumriscerrs</strong></span> 
     </span>
     <span class='ocr_line' id='line_1_40' title="bbox 1023 4850 1261 4907; baseline 0.008 -3"><span class='ocrx_word' id='word_1_302' title='bbox 1023 4850 1261 4907; x_wconf 74' lang='lat' dir='ltr'><strong>Orurommssss.</strong></span> 
     </span>
    </p>
   </div>
   <div class='ocr_carea' id='block_1_8' title="bbox 445 4953 1669 5114">
    <p class='ocr_par' dir='ltr' id='par_1_9' title="bbox 445 4953 1669 5114">
     <span class='ocr_line' id='line_1_41' title="bbox 445 4953 1669 5028; baseline 0.011 -21"><span class='ocrx_word' id='word_1_303' title='bbox 445 4963 567 5028; x_wconf 64' lang='lat' dir='ltr'><strong>Themis·</strong></span> <span class='ocrx_word' id='word_1_304' title='bbox 651 4953 724 5006; x_wconf 89' lang='lat' dir='ltr'><strong>Cum</strong></span> <span class='ocrx_word' id='word_1_305' title='bbox 756 4955 951 5024; x_wconf 85' lang='lat' dir='ltr'><strong>cognitionem</strong></span> <span class='ocrx_word' id='word_1_306' title='bbox 981 4975 1077 5012; x_wconf 78' lang='lat' dir='ltr'><strong>eausae</strong></span> <span class='ocrx_word' id='word_1_307' title='bbox 1104 4977 1169 5028; x_wconf 75' lang='lat' dir='ltr'><strong>quum</strong></span> <span class='ocrx_word' id='word_1_308' title='bbox 1196 4960 1272 5014; x_wconf 83' lang='lat' dir='ltr'><strong>inter</strong></span> <span class='ocrx_word' id='word_1_309' title='bbox 1300 4978 1345 5014; x_wconf 91' lang='lat' dir='ltr'><strong>me</strong></span> <span class='ocrx_word' id='word_1_310' title='bbox 1376 4967 1405 5015; x_wconf 91' lang='lat' dir='ltr'><strong>ct</strong></span> <span class='ocrx_word' id='word_1_311' title='bbox 1436 4961 1560 5019; x_wconf 83' lang='lat' dir='ltr'><strong>dilectos</strong></span> <span class='ocrx_word' id='word_1_312' title='bbox 1593 4967 1669 5021; x_wconf 84' lang='lat' dir='ltr'><strong>filios</strong></span> 
     </span>
     <span class='ocr_line' id='line_1_42' title="bbox 446 5015 1668 5114; baseline 0.016 -27"><span class='ocrx_word' id='word_1_313' title='bbox 446 5015 569 5110; x_wconf 44' lang='lat' dir='ltr'><strong>mm</strong></span> <span class='ocrx_word' id='word_1_314' title='bbox 613 5037 740 5106; x_wconf 88' lang='lat' dir='ltr'><strong>priorem</strong></span> <span class='ocrx_word' id='word_1_315' title='bbox 759 5043 788 5091; x_wconf 88' lang='lat' dir='ltr'><strong>et</strong></span> <span class='ocrx_word' id='word_1_316' title='bbox 807 5040 961 5094; x_wconf 86' lang='lat' dir='ltr'><strong>monaches</strong></span> <span class='ocrx_word' id='word_1_317' title='bbox 981 5041 1113 5095; x_wconf 71' lang='lat' dir='ltr'><strong>ecelesiae</strong></span> <span class='ocrx_word' id='word_1_318' title='bbox 1134 5042 1247 5097; x_wconf 67' lang='lat' dir='ltr'><strong>Sanctis</strong></span> <span class='ocrx_word' id='word_1_319' title='bbox 1266 5043 1417 5099; x_wconf 86' lang='lat' dir='ltr'><strong>Trinitatis</strong></span> <span class='ocrx_word' id='word_1_320' title='bbox 1431 5045 1668 5114; x_wconf 84' lang='lat' dir='ltr'><strong>Cautuariensis,</strong></span> 
     </span>
    </p>
   </div>
   <div class='ocr_carea' id='block_1_9' title="bbox 446 5117 1669 5196">
    <p class='ocr_par' dir='ltr' id='par_1_10' title="bbox 446 5117 1669 5196">
     <span class='ocr_line' id='line_1_43' title="bbox 446 5117 1669 5196; baseline 0.017 -27"><span class='ocrx_word' id='word_1_321' title='bbox 446 5127 503 5169; x_wconf 63' lang='grc' dir='ltr'><strong>νοω</strong></span> <span class='ocrx_word' id='word_1_322' title='bbox 512 5117 564 5161; x_wconf 79' lang='lat' dir='ltr'><strong>that</strong></span> <span class='ocrx_word' id='word_1_323' title='bbox 613 5138 701 5190; x_wconf 86' lang='lat' dir='ltr'><strong>super</strong></span> <span class='ocrx_word' id='word_1_324' title='bbox 713 5121 825 5191; x_wconf 87' lang='lat' dir='ltr'><strong>capella</strong></span> <span class='ocrx_word' id='word_1_325' title='bbox 838 5124 874 5178; x_wconf 90' lang='lat' dir='ltr'><strong>de</strong></span> <span class='ocrx_word' id='word_1_326' title='bbox 888 5123 1014 5181; x_wconf 64' lang='lat' dir='ltr'><strong>[lamhee</strong></span> <span class='ocrx_word' id='word_1_327' title='bbox 1026 5125 1237 5191; x_wconf 72' lang='lat' dir='ltr'><strong>reaedificanda,</strong></span> <span class='ocrx_word' id='word_1_328' title='bbox 1251 5130 1429 5196; x_wconf 78' lang='lat' dir='ltr'><strong>vertebatur,</strong></span> <span class='ocrx_word' id='word_1_329' title='bbox 1447 5134 1669 5190; x_wconf 77' lang='lat' dir='ltr'><strong>reiterabilibus</strong></span> 
     </span>
    </p>
   </div>
   <div class='ocr_carea' id='block_1_10' title="bbox 0 0 2106 6388">
    <p class='ocr_par' dir='ltr' id='par_1_11' title="bbox 0 0 2106 6388">
     <span class='ocr_line' id='line_1_44' title="bbox 0 0 2106 6388; baseline 0 0"><span class='ocrx_word' id='word_1_330' title='bbox 0 0 2106 6388; x_wconf 95' lang='lat' dir='ltr'><strong> </strong></span> 
     </span>
    </p>
   </div>
  </div>
 </body>
</html>
