4192 6392
621 1109 687 1174 394
905 1121 1078 1173 murone
1101 1119 1394 1188 oanmsarnnsns,

469 1307 591 1357 anuos
621 1303 711 1364 terea,
732 1297 783 1368 qui
800 1297 832 1353 in
856 1298 968 1370 capella
984 1298 1050 1370 ipsa
1073 1305 1141 1370 post
1167 1298 1356 1356 inhibitiones
1381 1299 1555 1371 apostolicas
1576 1296 1677 1354 divina

454 1362 585 1476 ”must
622 1381 716 1437 officia
731 1383 962 1449 celebraverunt,
981 1383 1095 1439 tamdiu
1123 1384 1160 1439 ab
1187 1384 1281 1439 officio
1299 1391 1330 1441 ot
1346 1384 1487 1440 beneficio
1504 1389 1604 1440 teneat
1620 1401 1675 1455 pro

454 1436 589 1528 afflui
622 1466 781 1538 suspensis,
801 1466 892 1523 donec
917 1485 1006 1538 super
1032 1468 1088 1523 hoc
1106 1467 1304 1524 satisfecerint
1327 1473 1535 1540 competenter,
1555 1469 1673 1522 univer·

454 1539 599 1641 {my}
622 1549 664 1605 sis
696 1550 833 1620 operibus
867 1551 1015 1607 demolitis
1048 1569 1114 1622 quae
1145 1552 1223 1623 apud
1253 1551 1376 1607 eandem
1408 1552 1550 1623 capellam
1576 1552 1674 1606 facere

453 1637 608 1692 theocustus,
621 1641 886 1707 praesnmpserunt3
907 1640 938 1690 et
948 1635 1087 1691 universe
1105 1653 1171 1706 ques
1188 1641 1257 1707 pest
1268 1637 1491 1709 appellationem
1509 1636 1540 1691 in
1551 1635 1675 1706 praedic·

620 1725 719 1774 torum
742 1720 867 1774 fratrum
893 1725 962 1775 sunt
986 1724 1129 1775 attentata
1147 1738 1316 1791 gravamen,
1337 1721 1507 1776 exeniorum
1524 1720 1672 1785 videlicet,

621 1802 811 1857 ecclesiarum
841 1809 872 1858 et
897 1803 1021 1857 aliorum
1057 1804 1217 1868 invasione,
1251 1822 1317 1875 quae
1345 1810 1412 1859 ante
1445 1805 1674 1875 appellationem

620 1887 794 1950 habuerunt,
815 1887 846 1940 in
869 1893 978 1942 statum
1005 1886 1164 1958 pristinum
1185 1888 1379 1958 appellatione
1407 1893 1520 1943 remota
1540 1888 1671 1943 reducat.

454 1977 575 2021 annulthe
622 1970 787 2026 Sententias
812 1971 1119 2026 excommunicationis
1144 1977 1174 2026 et
1203 1972 1360 2036 interdicti,
1385 1991 1457 2044 quas
1479 1972 1510 2026 in
1531 1971 1673 2042 quosdam

454 2031 596 2122 {fflffi
621 2054 754 2125 ipsorum
769 2055 895 2110 fratrum
906 2061 1016 2111 temere
1035 2055 1145 2111 dicitur
1162 2056 1376 2127 promulgasse,
1396 2056 1513 2128 publice
1529 2056 1673 2110 nuncians

453 2129 593 2233 mag
621 2156 680 2194 non
692 2145 802 2205 tenore,
816 2157 851 2194 ac
868 2139 905 2194 de
924 2145 1030 2195 catere
1049 2139 1127 2195 circa
1145 2145 1254 2196 statum
1272 2141 1365 2213 ipsius
1384 2140 1552 2196 monasterii
1571 2146 1674 2194 contra

453 2241 509 2275 sors.
621 2223 847 2295 prohibitionem
873 2230 1003 2280 nostram
1030 2225 1119 2295 hujus
1141 2225 1291 2280 occasione
1309 2226 1420 2298 negotii
1438 2243 1496 2280 non
1513 2230 1674 2297 prasumat

621 2307 733 2378 aliquid
751 2308 909 2363 innovare:
932 2308 1052 2364 illicitos
1070 2309 1220 2364 invasores
1238 2309 1387 2375 villarum,
1406 2308 1623 2381 possessionum
1642 2315 1674 2363 ot

621 2391 789 2448 reddituum
806 2392 1014 2466 praedictorum
1030 2393 1166 2460 fratrum
1193 2411 1287 2465 usque
1306 2394 1343 2448 ad
1362 2393 1590 2449 satisfactionem
1608 2392 1673 2447 ido·

454 2495 557 2541 mm,
620 2493 705 2532 neam
733 2476 851 2532 vinculo
878 2477 1184 2533 excommunicationis
1210 2479 1384 2550 astringens.
1406 2520 1412 2543 ,
1431 2477 1464 2533 Si
1491 2494 1570 2542 vero,
1594 2476 1674 2548 quod

452 2547 595 2643 mm&
619 2579 677 2617 non
694 2561 851 2627 eredimus,
877 2567 1057 2617 memoratus
1084 2562 1319 2635 archiepiscopus
1346 2562 1516 2618 mandatum
1539 2565 1673 2617 nostrum

452 2597 562 2693 m
619 2647 697 2702 infra
725 2652 868 2702 statutum
892 2646 1052 2701 terminum
1075 2646 1240 2717 neglexerit
1257 2647 1305 2701 vel
1324 2646 1473 2702 distulerit
1499 2646 1671 2717 adimplere,

452 2699 608 2799 md?
620 2731 691 2803 quia
712 2731 828 2802 justum
845 2736 891 2785 est
914 2735 948 2785 ut
974 2730 1002 2784 ei
1029 2729 1196 2786 obedientia
1223 2731 1411 2787 subtrahatur
1437 2730 1487 2802 qui
1515 2730 1578 2786 sedi
1603 2747 1673 2801 apo·

452 2799 592 2896 &figi-gfff
620 2815 731 2871 stolium
748 2814 876 2887 negligit
888 2813 1016 2878 obedire,
1030 2813 1207 2870 fraternitati
1219 2821 1325 2870 vostrae
1343 2814 1532 2886 praesentium
1544 2814 1671 2869 auctori·

451 2882 549 2998 1¹5⁶&
619 2905 679 2956 tate
698 2899 874 2963 inhibemus,
893 2904 928 2953 ut
952 2897 979 2952 ci
1006 2899 1201 2954 reverentiam
1228 2905 1259 2954 et
1283 2899 1478 2954 obedientiam
1503 2898 1672 2954 nullatenus

452 2963 497 3007 ⁹⁰⁰
619 2983 803 3056 impendatis.
839 2981 923 3053 Quod
941 2981 967 3037 si
985 2981 1060 3037 ferte
1079 2999 1097 3037 a
1113 2983 1197 3038 vobis
1215 2983 1263 3038 vel
1276 2988 1434 3038 svestrum
1447 2982 1555 3053 aliquo,
1569 2987 1673 3038 contra

618 3066 844 3140 prohibitionem
873 3072 1013 3132 nostram,
1033 3065 1090 3121 sibi
1121 3066 1224 3122 fecerit
1253 3067 1383 3138 aliquam
1409 3066 1604 3123 obedientiam
1640 3073 1672 3124 et

619 3153 813 3209 reverentiam
831 3150 972 3215 exhiberi,
992 3150 1068 3206 sciat
1093 3167 1125 3205 se
1153 3155 1259 3206 extimo
1279 3152 1315 3206 ab
1341 3151 1500 3222 episcopali
1524 3150 1670 3222 dignitate

620 3254 802 3309 suspensum,
829 3240 859 3291 et
888 3235 1002 3290 tamdiu
1027 3234 1086 3307 ipsi
1112 3236 1263 3290 sententias
1289 3236 1449 3306 subjacere,
1475 3235 1566 3291 donec
1584 3236 1670 3291 satis·

619 3321 750 3376 facturus
768 3319 805 3374 de
822 3324 991 3390 contemptu
1008 3325 1109 3374 nostro
1128 3336 1159 3374 se
1178 3319 1347 3391 conspectui
1363 3324 1562 3391 representet.
1600 3319 1669 3374 Non

618 3410 716 3460 autem
735 3402 944 3473 distinguimus
962 3409 1063 3458 utrum
1080 3403 1111 3456 in
1138 3403 1202 3458 loco
1229 3421 1247 3458 a
1270 3402 1534 3474 praedecessoribus
1559 3404 1669 3458 nostris

453 3499 544 3545 Ituna
618 3488 781 3551 interdicto,
800 3487 848 3540 vol
867 3487 933 3551 alio,
954 3486 984 3541 iu
1002 3486 1151 3558 praedictee
1169 3488 1289 3558 capellae
1308 3487 1522 3543 constructione
1541 3493 1571 3542 et
1582 3505 1668 3543 cano·

452 3553 539 3644 ,Tffiffl‘
618 3574 750 3628 nieorum
788 3572 968 3625 institutione
1005 3571 1192 3641 processerit,
1223 3571 1253 3625 in
1284 3571 1415 3626 ecclesiia
1446 3571 1669 3628 Gantuariensis

451 3652 554 3743 {lffissflh
618 3656 822 3728 prmjrrdicium
841 3661 870 3709 ct
888 3673 1055 3725 gravamen,
1073 3655 1176 3709 cadem
1194 3656 1420 3710 contradictione
1433 3674 1521 3710 causa
1533 3656 1666 3722 durante,

453 3715 568 3797 cliiii&
619 3741 675 3795 nisi
704 3739 781 3810 quod
805 3758 839 3792 ox
866 3739 920 3793 hoc
950 3740 1045 3808 magis
1072 3740 1218 3793 credimus
1245 3739 1339 3793 eidem
1370 3738 1500 3794 ecelesia}
1518 3740 1666 3809 derogari,

620 3825 697 3895 quod
723 3824 753 3877 in
778 3823 927 3877 remotiori
958 3823 1022 3876 loco
1047 3823 1127 3893 prior
1154 3822 1266 3877 fabrica
1295 3828 1340 3876 ost
1369 3824 1518 3878 translata.
1557 3824 1667 3879 Datum

620 3910 728 3971 Romen,
756 3908 833 3977 apud
865 3907 1004 3961 Sanctum
1035 3907 1164 3972 Petrum,
1188 3908 1250 3962 viii.
1278 3908 1336 3962 kal.
1369 3907 1449 3970 Maii,
1481 3909 1666 3979 pontificatus

619 3993 711 4050 nostri
730 4010 804 4046 anuo
823 3992 927 4062 primo·

473 4212 580 4254 saiwan
672 4194 914 4253 CCCCXXXVI.
953 4193 1109 4248 chrnrcs
1128 4208 1362 4251 ancrusrrscorus
1381 4195 1609 4253 Gauronnmrsrs

460 4264 600 4358 Mffigftl
963 4277 1149 4331 Nonrvrcsrsr
1167 4284 1316 4333 nrrsooro.¹

450 4434 571 4478 rhosan.
652 4417 804 4472 Hubertus
830 4412 1065 4484 archiepiscopus
1090 4411 1309 4468 cantuariensis
1329 4415 1455 4470 Jchanni
1483 4417 1665 4472 Neruiocusi

449 4485 586 4579 ssfflffiffi
616 4502 762 4572 episcope,
783 4500 916 4554 salutem,
957 4496 1197 4567 significantibus
1215 4498 1298 4552 nobis
1317 4499 1432 4554 clericis
1451 4501 1558 4555 nostris
1571 4505 1621 4572 qui
1635 4505 1665 4558 in

451 4587 577 4682 ffffiffs
616 4587 698 4641 ouria
725 4585 855 4639 Romana
884 4589 1044 4647 morantur,
1072 4582 1237 4653 accepimus
1266 4583 1343 4653 quod
1369 4583 1426 4638 duo
1453 4603 1488 4639 ox
1514 4589 1666 4643 monachis

649 4817 784 4867 ¹Writton
797 4817 859 4866 ullor
870 4816 1022 4880 May3l‚on
1031 4814 1113 4864 which
1166 4815 1251 4865 letters
1274 4833 1339 4866 vvere
1362 4819 1449 4867 sarred
1472 4834 1503 4866 on
1528 4819 1570 4868 the
1593 4821 1666 4869 arch·

615 4900 665 4962 day
691 4899 734 4948 the
762 4897 932 4959 arobbisbop's
958 4912 1113 4959 messengers
1164 4895 1263 4958 bishop.
1300 4896 1347 4947 Soc
1362 4897 1410 4946 No.
1427 4899 1502 4947 ccccl.
1514 4899 1603 4959 belen,
1615 4902 1666 4950 and

616 4978 715 5027 arrived
743 4985 768 5026 at
796 4977 926 5037 Lambstb,
950 4978 1000 5026 and
1028 4977 1113 5026 before
1166 4975 1286 5033 Gervase,
1312 4982 1383 5026 1601.
1425 4977 1496 5026 John
1516 4979 1546 5027 of
1565 4980 1666 5031 Oxford

616 5058 684 5107 June
707 5063 730 5115 9,
751 5072 784 5105 on
804 5056 887 5106 which
909 5057 959 5120 day
979 5056 1021 5105 the
1041 5056 1113 5119 papal
1165 5055 1664 5119 wasbishopofNorwich,1175-1200.
