4192 6392
627 1168 693 1232 428
912 1181 1084 1231 sersrotn
1108 1180 1397 1241 cnamfflmsss

477 1363 599 1410 altnae
627 1364 662 1414 ut
684 1357 877 1414 communiter
899 1359 999 1413 nuncii
1023 1359 1221 1423 mitterentur,
1242 1358 1328 1429 quasi
1346 1358 1377 1412 in
1395 1355 1567 1412 universnm
1589 1355 1690 1425 sopito

627 1444 755 1514 negotio,
769 1448 800 1498 et
818 1443 930 1515 capella
950 1461 1038 1513 quarn
1059 1444 1217 1498 auctoritas
1237 1442 1397 1514 apostolica
1414 1441 1612 1504 damnaverat,
1633 1439 1690 1493 im·

458 1543 498 1588 vt.
510 1545 614 1590 metuo
626 1545 704 1599 pune
722 1529 777 1583 sub
791 1528 916 1598 quodam
934 1527 1105 1583 calliditatis
1124 1534 1224 1598 posset
1235 1527 1327 1582 latere
1345 1526 1474 1598 palliolo.
1514 1523 1603 1579 Sexto
1622 1524 1689 1578 loco

459 1596 601 1690 ffffiffim
628 1613 814 1678 contendunt,
841 1611 918 1682 quod
949 1612 1006 1665 duo
1038 1612 1074 1667 de
1106 1611 1256 1667 monachis
1287 1608 1546 1669 cantuariensibus
1576 1614 1688 1679 praeter

458 1696 608 1750 thuruppesl
628 1697 835 1752 conscientiam
864 1695 911 1749 vel
944 1696 1156 1767 archiepiscopi
1187 1695 1236 1750 vel
1267 1695 1374 1766 prioris
1408 1700 1437 1749 et
1475 1697 1638 1748 conventus
1668 1710 1688 1745 a

458 1748 591 1860 carileffi.
628 1782 757 1836 claustro
776 1780 907 1834 clanculo
919 1779 1100 1844 recedentes,
1114 1781 1150 1834 ob
1171 1780 1226 1835 hoc
1247 1779 1283 1834 ab
1303 1778 1521 1849 archiepiscopo
1539 1776 1687 1831 sententia

458 1847 697 1921 ss“³¹¹¹‘³⁰¹¹¹⁸³sunt
724 1864 1029 1919 excommunicationis
1053 1864 1193 1928 innodati,
1215 1864 1276 1933 qui,
1296 1864 1386 1918 tacito
1410 1878 1534 1932 egressu
1557 1877 1611 1915 suo
1636 1860 1685 1914 vel

458 1899 616 1994 &diffidi
628 1949 934 2004 excommunicationis
953 1949 1106 2012 sententia,
1126 1949 1241 2004 litteras
1252 1947 1421 2019 ¹praedictas
1439 1947 1683 2017 impetraverunt.
1699 1941 1746 1985 N&
1795 1993 1800 2005 .

458 2001 602 2095 diffidas
627 2033 676 2088 Ad
688 2035 767 2106 quod
778 2033 999 2105 respondemus,
1018 2052 1077 2088 non
1095 2039 1155 2088 tam
1174 2031 1388 2104 inspiciendum
1407 2033 1481 2085 forte
1495 2029 1567 2101 quid
1584 2034 1685 2084 actum
1698 2005 1806 2039 mm*

457 2099 597 2195 &guttim
628 2117 676 2181 sit,
698 2111 786 2188 ianam
804 2135 861 2187 quo
882 2123 1022 2189 ternpore,
1046 2135 1104 2188 qua
1122 2134 1219 2182 causa,
1244 2135 1302 2188 quo
1324 2115 1435 2172 Christi
1454 2115 1517 2168 zelo
1534 2113 1567 2168 id
1584 2119 1684 2173 actum

627 2202 676 2257 sit.
713 2203 855 2274 Tempore
871 2219 996 2274 namque
1019 2202 1083 2257 litis
1100 2201 1237 2257 instantis
1255 2201 1397 2264 exierunt,
1411 2198 1520 2253 idcirco
1538 2197 1683 2263 clanculo,

627 2287 696 2357 quia
720 2286 927 2358 comprehendi
950 2286 1123 2350 timuerunt,
1152 2286 1199 2340 vel
1224 2303 1292 2339 oum
1316 2303 1369 2340 sua
1393 2283 1586 2338 universitate
1613 2301 1685 2336 con·

626 2370 715 2425 cludi.
762 2370 868 2441 Neque
886 2371 965 2424 enim
983 2370 1079 2425 inanis
1096 2371 1159 2425 haec
1178 2370 1275 2424 cautio
1294 2369 1360 2433 luit,
1381 2373 1433 2423 aut
1450 2367 1683 2430 vana‘formido,

626 2455 696 2525 quia
715 2454 827 2509 dictum
848 2455 1101 2526 archiepiscopum
1121 2453 1291 2508 Hubertum
1310 2452 1500 2508 crediderunt
1511 2451 1576 2523 ejus
1596 2469 1684 2522 posse

625 2556 721 2594 mores
734 2539 845 2594 imitari
866 2539 950 2610 eujus
970 2539 1148 2610 sequebatur
1166 2538 1198 2592 in
1219 2556 1346 2602 causam,
1360 2536 1523 2592 Baldevrini
1543 2535 1685 2591 videlicet

625 2623 849 2695 praedecessoris
880 2623 936 2687 sui,
963 2623 1014 2694 qui
1037 2641 1075 2677 ne
1097 2623 1163 2694 quis
1189 2641 1224 2677 ex
1247 2622 1398 2679 monachis
1422 2620 1684 2676 cantuariensibus

624 2707 736 2779 publici
758 2707 835 2778 juris
862 2707 965 2761 auxilii
982 2705 1136 2763 invocandi
1160 2707 1265 2777 gratia,
1292 2706 1454 2760 Romanum
1483 2709 1583 2776 posset
1599 2703 1684 2758 adiro

622 2791 800 2863 pontificem,
832 2791 1012 2846 circumfusa
1048 2791 1238 2847 multitudine
1278 2791 1410 2845 ecclesias
1453 2795 1561 2844 nostrae
1598 2795 1684 2860 septa

625 2875 735 2930 dudum
762 2877 954 2932 concluserat.
1005 2875 1102 2944 Causa
1129 2877 1218 2931 etiam
1249 2894 1387 2947 egressus
1413 2892 1516 2930 corum
1539 2874 1684 2945 probatur

624 2960 840 3026 honestissima,
861 2962 931 3032 quia
955 2978 1009 3031 pro
1027 2960 1163 3015 libertate
1189 2966 1219 3016 et
1245 2960 1435 3030 indemnitate
1462 2958 1593 3013 ecclesiae
1620 2977 1683 3012 suae

626 3044 706 3116 ipsos
724 3051 838 3101 constat
856 3062 1001 3115 egressos.
1039 3042 1170 3112 Quorum
1188 3044 1377 3099 intentionem
1395 3050 1455 3098 tam
1472 3042 1601 3097 nobilem
1612 3060 1684 3097 curn

627 3133 721 3183 mater
744 3146 845 3182 eorum
864 3127 1084 3183 cantuariensis
1097 3128 1228 3192 ecclesia,
1242 3127 1433 3183 redeuntibus
1445 3144 1548 3182 eorum
1559 3125 1681 3192 litteris,
1696 3121 1806 3169 ΜΝ

626 3213 824 3283 cognovisset,
844 3211 881 3266 de
911 3213 1061 3267 communi
1091 3213 1215 3268 consilio
1245 3213 1336 3268 totius
1373 3211 1494 3285 capituli
1531 3210 1683 3282 praedictis

541 3370 543 3372 Υ
624 3297 765 3353 fratribus
782 3296 891 3352 nostris
909 3297 1114 3369 plenissimum
1132 3297 1222 3353 robur
1240 3296 1421 3352 auctoritatis
1439 3314 1500 3352 suae
1518 3296 1681 3361 transtulit,

625 3386 655 3435 et
671 3398 725 3452 pro
750 3400 839 3436 causa
862 3380 925 3451 jam
944 3381 1023 3435 dicta
1041 3381 1162 3436 nuncios
1182 3398 1249 3435 suos
1268 3398 1334 3435 esse
1353 3380 1514 3435 constituit.
1565 3379 1683 3450 Legum

624 3466 702 3519 enim
721 3472 751 3520 et
769 3483 912 3520 canonum
930 3465 1069 3534 aequitate
1088 3465 1243 3519 collectum
1270 3471 1323 3529 est,
1345 3472 1379 3519 ut
1395 3464 1427 3518 id
1445 3463 1523 3534 quod
1541 3464 1577 3518 ab
1596 3464 1683 3519 initio

625 3549 771 3602 infirmum
800 3557 853 3612 est,
882 3549 1088 3603 ratihabitione
1116 3550 1213 3603 valeat
1239 3550 1414 3602 confirmari,
1472 3549 1507 3601 In
1535 3551 1683 3603 sententia

624 3651 694 3687 vero
713 3634 916 3695 anathematis,
938 3651 1025 3702 qrram
1038 3638 1183 3686 testantur·
1196 3633 1324 3703 episcopi
1344 3633 1511 3686 Hubertum
1530 3631 1682 3687 dominum

624 3724 654 3770 et
672 3723 783 3785 piatrcm
802 3724 935 3771 nostrum
955 3718 986 3769 in
1005 3716 1162 3787 praedictos
1182 3717 1286 3771 tulisse
1305 3719 1430 3781 s1·atres;
1451 3717 1682 3772 salvarevererr·

624 3801 665 3854 tia
693 3821 754 3865 sira,
775 3802 902 3855 multum
930 3807 1031 3855 eontra
1058 3819 1181 3855 canones
1210 3802 1314 3855 secisse
1339 3801 1463 3855 videtiu'.
1512 3801 1573 3871 Ipsi
1600 3803 1680 3855 enim

625 3887 728 3939 lintres
748 3904 800 3955 pro
819 3886 1010 3939 universitate
1031 3884 1250 3939 cantuariensis
1275 3885 1415 3947 ecclesiis,
1431 3885 1514 3954 cujus
1533 3885 1591 3954 ipsi
1610 3899 1681 3940 sunt

624 3971 727 4038 portio,
748 3978 848 4023 contra
875 3969 1000 4023 eundem
1027 3970 1280 4040 archiepiscopum
1302 3967 1478 4040 [querelam]
1500 3969 1678 4036 habuerunt,

623 4060 653 4106 et
665 4054 701 4106 oh
713 4054 768 4107 hoc
782 4054 859 4107 sedis
879 4054 1045 4124 apostoliae
1059 4054 1171 4123 petiere
1187 4053 1343 4123 judicium,
1359 4054 1437 4125 quod
1450 4073 1542 4108 canon
1559 4054 1680 4109 videtur

623 4139 792 4208 atpprobare.
826 4138 964 4192 Praedieti
983 4137 1073 4192 ctiam
1092 4138 1330 4202 srut1·es,litteris
1351 4158 1366 4191 e
1385 4138 1513 4207 vestigio
1532 4139 1677 4203 remissis,

626 4223 816 4292 apostolicam
836 4223 935 4276 sedem
957 4222 1187 4292 appellaverunt,
1209 4241 1273 4292 (putu
1292 4240 1359 4275 eum
1378 4222 1408 4275 in
1426 4223 1553 4292 capritulo
1578 4232 1680 4279 nostro
1693 4225 1806 4271 Naecccs

623 4327 719 4362 coram
739 4308 855 4361 domino
874 4306 1094 4377 archiepiscopo
1106 4307 1236 4361 recitatio
1255 4307 1389 4369 luissent,
1405 4307 1467 4376 ipse
1485 4307 1678 4365 nihilomiuus

623 4394 798 4447 sententiam
824 4392 1028 4455 anathematis
1051 4411 1139 4463 (luam
1166 4398 1233 4462 post
1261 4393 1366 4446 frictum
1395 4392 1618 4462 appellationem
1648 4396 1680 4448 in

619 4477 681 4546 jam
700 4478 792 4532 dictos
811 4478 881 4532 tulit
898 4477 1065 4541 monachos,
1087 4477 1258 4530 firmandam
1278 4494 1341 4531 esse
1369 4477 1492 4539 censuit,
1513 4478 1591 4546 quod
1610 4498 1678 4533 con·

621 4568 667 4615 tra
684 4562 766 4632 leges
786 4568 816 4615 et
833 4579 955 4615 canones
976 4578 1051 4618 esse,
1072 4562 1145 4615 nulli
1165 4560 1282 4614 videtur
1294 4560 1475 4630 ambiguum.
1513 4561 1592 4616 Nam
1610 4573 1679 4633 post

455 4658 508 4700 vll.
522 4659 569 4701 The
622 4647 845 4716 appellationem
876 4645 1078 4715 interpositam
1104 4645 1179 4698 nihil
1210 4644 1406 4698 innovandum
1438 4652 1491 4699 cst.
1543 4646 1679 4716 Septimo

454 4714 583 4813 ,ᾞζζρξὲὴῑ
622 4731 705 4784 nobis
725 4731 851 4800 objicere
870 4731 1013 4791 nituntur,
1035 4729 1114 4798 quod
1140 4730 1342 4784 auctoritatem
1361 4730 1626 4800 apostolicaesedis
1647 4733 1678 4787 iu

454 4811 591 4906 afflig
623 4816 762 4869 incertam
788 4815 968 4869 voluntatem
994 4815 1111 4866 ve'rtere
1138 4814 1287 4868 noluimus
1315 4815 1501 4879 arbitrorum,
1531 4834 1599 4870 curn
1623 4836 1678 4886 pro

594 4895 599 4905 '
621 4901 704 4954 nobis
724 4900 753 4952 in
772 4897 881 4968 Anglia
899 4914 983 4951 nemo
1003 4896 1125 4951 auderet
1148 4899 1293 4961 arbitrari,
1314 4899 1391 4952 sicut
1414 4918 1467 4954 nec
1493 4899 1522 4952 in
1549 4918 1678 4970 praesen·

621 4986 728 5039 tiaram
748 4984 855 5052 aliquis
874 5001 926 5052 pro
944 4982 1027 5035 nobis
1046 4982 1247 5037 testimonium
1266 4983 1354 5036 audet
1372 4984 1525 5053 perhibere
1544 4986 1676 5041 veritati.

479 5050 592 5093 samii·
622 5069 730 5123 Octavo
756 5068 819 5121 loco
838 5073 949 5120 metum
975 5066 1126 5120 seditionis
1153 5073 1183 5121 et
1210 5067 1337 5121 scandali
1363 5067 1497 5123 nituntur
1524 5069 1677 5137 incutere,

453 5122 597 5223 griffini&
621 5154 658 5208 ad
677 5151 754 5223 quod
771 5151 899 5207 breviter
918 5150 1136 5222 respondemus,
1151 5150 1295 5205 neminem
1313 5152 1402 5222 hujus
1420 5154 1571 5208 occasione
1592 5174 1677 5212 man·
