4192 6392
776 1173 938 1224 mareau
960 1172 1165 1222 mnnnvrur.
1454 1163 1495 1225 31

440 1349 505 1419 ipso
523 1346 572 1402 die
591 1362 691 1402 coram
711 1364 745 1401 oo
771 1352 801 1401 et
826 1346 1034 1410 cardinalibus,
1056 1345 1183 1416 querelae
1208 1350 1315 1401 nostrae
1341 1352 1371 1400 et
1394 1362 1497 1416 grava·
1530 1354 1587 1398 aa).
1596 1356 1653 1399 1187.

439 1433 518 1488 mina
542 1430 659 1503 publice
689 1436 928 1502 proponerentur.
967 1428 1111 1498 Quoniam
1138 1429 1231 1500 igitur
1261 1429 1400 1500 ambigna
1430 1417 1668 1518 suntfflssfflssffiss

439 1519 499 1573 fata
516 1534 683 1581 causarum,
706 1521 736 1571 et
759 1534 807 1571 res
831 1522 893 1571 tam
914 1515 1007 1570 ardua
1032 1532 1119 1585 quern
1142 1514 1283 1569 sortiatur
1301 1514 1436 1570 effectum
1456 1515 1497 1568 in·
1510 1518 1635 1561 thammo.

440 1601 512 1657 certi
533 1600 735 1667 sumus,nihi1
754 1601 806 1655 lito
826 1600 971 1671 pendente
990 1599 1186 1663 certitudinis,
1205 1599 1281 1653 nihil
1299 1598 1394 1653 adhuc
1406 1599 1496 1654 firmi·

441 1687 510 1741 tatis
540 1691 647 1741 vestra
673 1702 829 1755 possumus
855 1683 1021 1754 significare
1052 1682 1239 1738 fraternitati.
1285 1682 1497 1739 Verumtamen

442 1770 510 1840 quia
527 1769 640 1825 curiam
658 1769 821 1823 Romanam
839 1768 978 1839 aequitate
1002 1766 1101 1822 debita
1124 1767 1260 1838 jurisque
1279 1767 1375 1837 gloria
1393 1767 1496 1822 florere
1511 1778 1661 1825 Hobmoou·

444 1853 649 1924 comperimus,
687 1870 755 1908 cum
785 1852 887 1907 eadem
917 1851 957 1906 sit
983 1850 1132 1922 oppressis
1163 1849 1337 1916 subsidium,
1364 1830 1660 1934 personislfflgo

442 1935 658 1994 miserabilibus
671 1936 816 2002 solatium,
830 1954 884 2007 pro
896 1934 1052 1990 verisimili
1071 1935 1307 2005 praesumptionis
1325 1940 1499 2005 argumente
1510 1932 1632 1976 ¹h⁰0⁰¹¹¹t⁵

445 2020 583 2092 cepimus,
605 2020 684 2092 qued
701 2020 798 2076 sinum
825 2019 988 2074 clementiae
1013 2036 1075 2073 suae
1093 2018 1177 2073 nobis
1196 2018 1291 2073 solum
1309 2035 1367 2073 non
1385 2019 1499 2073 subtra-

444 2104 500 2170 het,
515 2122 581 2175 quse
600 2103 782 2174 quibuslibet
799 2121 886 2159 suum
904 2107 1046 2173 praestare
1065 2101 1270 2173 patrocinium,
1291 2103 1370 2157 etin
1383 2102 1501 2173 justitia

445 2206 495 2244 sua
512 2186 683 2259 exequenda
701 2187 840 2243 hactenus
868 2187 943 2242 solet
969 2185 1142 2252 subvenire;
1162 2186 1326 2257 praesertim
1344 2204 1412 2242 cum
1437 2205 1499 2249 nos,

445 2273 518 2328 siout
547 2272 585 2328 ab
613 2271 748 2327 omnibus
774 2270 960 2342 praedicatur,
992 2288 1112 2325 oausam
1138 2269 1243 2325 rationi
1279 2277 1501 2326 consentaneam

446 2362 472 2411 et
489 2355 623 2427 aequitati
645 2372 800 2410 consonam
818 2354 971 2410 videamur
999 2354 1163 2409 confovere.
1202 2353 1278 2408 Cum
1296 2361 1394 2410 autem
1413 2372 1502 2426 super

445 2457 535 2496 causae
566 2445 673 2494 nostroe
691 2437 880 2494 ventilatione
906 2439 1114 2493 certitudinem
1143 2438 1401 2510 reportaverimus,
1428 2458 1500 2493 uiru-

446 2524 520 2580 cium
538 2529 674 2580 nocuum
692 2523 730 2579 od
754 2541 806 2579 vos
831 2541 898 2579 cum
923 2540 1037 2578 summa
1055 2522 1205 2577 eeleritate
1235 2524 1434 2578 transmittere
1453 2542 1502 2578 eu·

447 2609 584 2674 rabimns,
606 2626 660 2680 per
679 2624 767 2678 quem
784 2607 828 2662 rei
855 2607 947 2662 series
966 2606 1048 2662 vobis
1074 2606 1190 2678 plenius
1213 2607 1383 2683 innotescet.
1421 2607 1502 2664 Bene

448 2693 548 2759 valete,
570 2700 601 2748 et
619 2691 818 2748 indesinenter
837 2698 917 2748 orato
936 2709 989 2762 pro
1007 2691 1098 2747 uobis.

532 2924 677 2984 XXXVI.
715 2924 851 2981 Heronio
870 2939 966 2980 rnroru
985 2924 1155 2980 coniurans
1173 2923 1411 2980 Gnarummusrs.

481 3065 652 3124 Venerabili
671 3066 788 3121 domino
807 3065 947 3130 Honorio,
961 3065 1053 3137 priori
1073 3065 1286 3131 Cantauriensi,
1302 3072 1332 3121 et
1350 3064 1500 3130 iratribus,

451 3150 608 3206 (laufridus
644 3150 781 3222 supprior
817 3156 848 3204 et
883 3155 960 3204 totus
998 3149 1132 3219 ejusdem
1169 3148 1300 3205 eeclesiae
1331 3156 1500 3212 convontus,

450 3235 571 3291 salutem
590 3238 621 3290 et
638 3234 803 3289 orationum
821 3232 972 3304 suffragia.

480 3317 664 3374 Iaaatilioastis
689 3318 801 3372 animas
826 3321 940 3372 nostras
967 3316 998 3369 in
1015 3315 1108 3370 verbo
1134 3315 1196 3387 spei
1225 3317 1303 3387 quod
1329 3317 1499 3382 mandastis,
1514 3329 1542 3373 In
1551 3333 1672 3375 moverta

448 3419 496 3459 neo
513 3400 706 3474 singulariter
724 3403 756 3456 in
774 3417 826 3473 spe
852 3400 1047 3456 constituistis
1074 3417 1137 3464 uos,
1158 3400 1210 3456 sed
1228 3402 1317 3456 etiam
1335 3402 1367 3457 in
1384 3402 1499 3458 timore.
1513 3381 1672 3476 ffiffiss}

449 3485 591 3556 Quamdiu
607 3487 687 3541 enim
704 3503 752 3540 res
770 3485 937 3540 desiderata
955 3491 1100 3556 speratur,
1122 3485 1228 3539 timore
1247 3503 1363 3557 quoque
1381 3504 1501 3557 suspen·
1514 3481 1652 3546 thuusthq

448 3570 523 3626 ditur
549 3570 739 3632 desiderium,
759 3575 790 3625 et
816 3569 907 3624 donec
924 3586 988 3623 rem
1014 3575 1219 3639 consequatur,
1244 3570 1369 3624 formido
1388 3534 1666 3642 semperiddif⁰¹¹¹¹⁸

450 3653 615 3725 denigrabit
642 3654 793 3725 gaudium.
831 3653 898 3708 Hoc
928 3659 1027 3709 autem
1058 3654 1136 3709 inter
1164 3655 1267 3709 mundi
1297 3656 1504 3710 desiderabilia

448 3756 496 3794 uos
520 3738 648 3793 maxime
677 3737 820 3794 noveritis
847 3738 992 3801 affectare,
1022 3745 1055 3793 ut
1079 3740 1259 3795 constructio
1286 3757 1369 3795 novar
1395 3747 1503 3813 praeter

449 3840 496 3879 nos
521 3821 710 3885 ecclesiast
738 3821 801 3875 lieri
827 3827 933 3892 potest,
954 3822 983 3876 in
1008 3821 1133 3876 nihilum
1158 3824 1321 3895 redigatur,
1341 3842 1428 3896 quam
1447 3843 1503 3879 non

449 3907 633 3977 ambigimus,
652 3904 678 3960 si
699 3905 776 3960 facta
801 3905 901 3970 fuerit,
921 3913 952 3961 et
976 3907 1060 3960 nobis
1086 3907 1117 3961 in
1142 3907 1349 3963 detrimentum
1378 3927 1453 3973 osse,
1473 3915 1503 3964 et

450 3989 611 4062 posteritati
628 3995 737 4045 nostrae
764 4005 850 4060 posse
876 3989 1081 4060 praejudicium
1107 4009 1256 4061 generare.
1294 3992 1356 4048 Vos
1381 4011 1454 4065 ergo
1472 3993 1638 4058 incudum·

449 4074 563 4146 negotio
582 4073 674 4128 arduo
692 4073 772 4144 quod
799 4073 971 4143 suscepistis
999 4073 1097 4128 altiori
1116 4080 1231 4131 utentes
1250 4077 1382 4142 oonsilio,
1402 4095 1501 4148 ‹pram-
1513 4047 1655 4141 damu*

448 4159 491 4215 vis
507 4159 607 4213 minus
625 4155 824 4213 necessarium
842 4163 979 4228 putemus
997 4157 1076 4212 ultro
1101 4160 1303 4215 currentibus¹
1322 4162 1419 4217 calcar
1437 4163 1503 4217 sub·

449 4241 532 4309 deret
561 4241 689 4297 viriliter
715 4241 806 4312 agite,
826 4246 858 4295 et
882 4241 1042 4312 vigilanter
1069 4259 1193 4314 semper,
1214 4245 1298 4314 quasi
1325 4263 1386 4315 prae
1411 4247 1504 4301 oculis

451 4325 586 4382 babentes
604 4342 767 4397 appensum
785 4324 865 4395 quod
882 4325 962 4379 solus
990 4329 1091 4380 nostra
1115 4326 1145 4379 in
1170 4326 1304 4381 manibus
1322 4328 1430 4383 vestris
1449 4334 1503 4392 est,

451 4418 478 4467 ct
494 4418 594 4466 vestra
612 4410 670 4465 crit
687 4409 792 4480 gloria,
812 4409 839 4465 si
857 4415 979 4473 stamus,
999 4414 1099 4464 vestra
1116 4410 1306 4466 nihilominus
1330 4412 1461 4468 confusio
1479 4413 1504 4468 si

452 4495 619 4551 occidimus.
659 4493 744 4549 Sicut
771 4494 850 4548 enim
876 4494 1031 4549 victoriam
1058 4501 1190 4550 nostram
1214 4514 1299 4551 nemo
1316 4503 1423 4552 vestrae
1447 4517 1505 4552 non

452 4579 590 4634 retituet
616 4577 731 4643 virtuti,
751 4576 804 4643 sic,
827 4577 906 4648 qnod
933 4577 1014 4633 Deus
1042 4584 1164 4644 avertat,
1191 4581 1217 4634 si
1244 4597 1327 4635 secus
1355 4582 1504 4648 acciderit,

452 4679 505 4719 non
531 4661 630 4718 deerit
660 4661 711 4732 qui
741 4662 863 4717 incuriae
894 4667 1000 4717 vestrae
1030 4661 1158 4733 imputet
1183 4669 1235 4718 aut
1263 4665 1404 4721 tarditati.
1442 4666 1505 4720 Nos

453 4756 557 4812 autem,
576 4763 631 4819 per
650 4746 706 4801 Dei
725 4747 861 4817 gratiam,
881 4745 919 4801 ad
945 4745 1043 4801 omnia
1069 4765 1134 4818 qnoe
1151 4736 1307 4818 possumus
1325 4768 1379 4820 pro
1396 4750 1505 4804 honore

454 4832 582 4888 ecelesiae
600 4838 707 4886 nostrae
725 4829 898 4902 perferenda
913 4838 1029 4902 paratos
1048 4830 1211 4887 invenietis.
1249 4832 1363 4888 Valeto.

751 5041 758 5071 ¹
776 5037 942 5106 cuneatim]
962 5039 1139 5104 quarentibus,
1150 5040 1207 5091 MS.
