4192 6392
618 1143 683 1214 378
901 1159 1073 1208 seurota
1096 1156 1387 1216 esurusmrrsrs,
1456 1172 1459 1179 .

454 1560 599 1654 anippsevor
636 1545 838 1603 ccccxxn.
876 1545 1038 1601 Annaeum
1057 1559 1255 1600 noracncsun
1274 1560 1369 1599 consu
1389 1559 1459 1598 rara
1478 1544 1656 1600 scanno.

449 1708 574 1752 rhama
653 1697 827 1770 Significant
856 1696 1005 1753 sanctitati
1034 1702 1142 1753 vestras
1171 1697 1253 1769 prior
1282 1703 1313 1752 et
1343 1702 1503 1754 conventus
1533 1696 1669 1752 ecclesiae

449 1759 595 1852 ἒξῖξξξξέο
617 1783 728 1838 Christi
748 1781 975 1848 cantuariensis,
996 1781 1075 1854 quod
1099 1799 1166 1837 cum
1190 1782 1243 1837 illa
1259 1782 1335 1837 inter
1354 1799 1454 1837 omnes
1473 1780 1671 1837 occidentales

360 1883 364 1891 ⁴
450 1860 535 1902 Μὰ
615 1866 806 1938 praesulgeret
841 1866 991 1932 ecelesias,
1023 1871 1112 1937 atque
1142 1866 1173 1920 in
1204 1866 1347 1937 sanguine
1377 1866 1500 1937 gloriosi
1529 1865 1671 1936 11¹¹¹fll⁷ris

449 1911 594 2005 &pppipppc
615 1952 734 2006 Thomas
752 1968 846 2022 nuper
869 1951 975 2007 fuisset
997 1950 1134 2017 exaltata,
1154 1951 1295 2007 suadente
1319 1950 1444 2017 diabolo,
1464 1969 1483 2005 a
1500 1949 1672 2006 Baldewine

616 2035 762 2107 quondam
781 2035 1001 2107 archiepiscopo
1013 2054 1077 2102 suo,
1097 2053 1116 2090 a
1134 2054 1192 2107 quo
1211 2035 1335 2091 debebat
1352 2036 1389 2091 ab
1407 2036 1534 2091 aliorum
1550 2033 1671 2104 injuriis

450 2125 520 2170 Aret·
616 2120 742 2186 defendi,
762 2120 902 2175 atrociter
925 2119 1016 2191 coepit
1038 2120 1149 2176 vexari.
1187 2120 1225 2174 In
1248 2119 1353 2190 primis
1377 2120 1457 2174 enim
1475 2137 1537 2175 sua
1554 2136 1673 2189 premo·

448 2176 555 2272 iffi„
564 2241 603 2282 ap·
615 2205 703 2259 tionis
731 2204 834 2269 initiis,
862 2203 1048 2274 surripiendo
1076 2204 1179 2258 exenia
1197 2221 1263 2275 quae
1281 2204 1415 2259 monachi
1435 2220 1550 2274 semper
1569 2202 1670 2272 quiete

448 2280 583 2375 Wffi'ff,
615 2297 645 2345 et
671 2289 845 2345 inconcusse
875 2288 1071 2360 possederunt
1101 2289 1159 2344 sibi
1189 2288 1344 2360 usurpavit
1356 2310 1364 2355 ;
1402 2288 1457 2343 hac
1488 2287 1603 2343 scilieet
1632 2286 1670 2340 do

574 2361 582 2383 '
615 2390 712 2439 eausa,
741 2380 775 2430 ut
800 2373 963 2428 dominium
981 2378 1140 2444 usurparet
1158 2373 1216 2428 sibi
1234 2379 1383 2428 terrarum
1401 2378 1431 2428 et
1448 2372 1670 2444 possessionum

588 2451 791 2524 ¹nostrarum,
824 2462 853 2512 et
886 2457 930 2514 sic
960 2475 994 2513 co
1021 2458 1169 2524 defuncte,
1201 2459 1334 2513 maneria
1359 2466 1460 2514 nostra
1487 2457 1577 2513 simul
1601 2475 1671 2512 cum

616 2542 869 2615 archiepiscopatu
895 2542 927 2596 in
950 2560 1071 2598 manum
1095 2542 1206 2597 domini
1228 2543 1311 2614 regis
1335 2543 1571 2608 devolverentur,
1591 2540 1671 2613 quod

616 2633 694 2684 esset
719 2633 821 2684 centra
849 2626 1024 2699 dignitatem
1052 2633 1083 2683 et
1109 2627 1231 2699 antiqua
1250 2628 1329 2698 jura,
1349 2633 1380 2682 et
1397 2625 1495 2682 omnia
1511 2625 1671 2697 privilegia

616 2712 747 2768 eeclesia
771 2717 879 2767 nostrai
904 2731 922 2767 a
945 2712 1077 2767 Romana
1101 2711 1226 2767 eeclesia
1249 2717 1281 2766 et
1298 2730 1316 2766 a
1333 2711 1456 2784 regibus
1474 2710 1593 2782 Angliae
1611 2709 1671 2766 sibi

448 2802 557 2860 donarat
614 2796 738 2853 indulta.
782 2795 896 2852 Deinde
924 2796 1066 2867 quasdam
1094 2797 1233 2852 ecclesias
1260 2815 1278 2851 a
1307 2815 1360 2852 suo
1389 2795 1605 2868 praedecesscre
1632 2793 1671 2850 ad

449 2858 596 2951 {lssffinlfflt
615 2878 804 2937 refectionem
825 2898 989 2952 pauperum
1007 2881 1247 2952 eleemosynariae
1268 2881 1399 2947 collatas,
1419 2888 1450 2937 ct
1473 2898 1491 2935 a
1507 2879 1671 2952 praedeces·

448 2959 561 3053 {ffb-⁰³
615 2966 730 3021 scribas
747 2967 856 3021 vestris
875 2964 957 3021 bena)
974 2967 1124 3021 memoriae
1137 2963 1303 3021 Alexandro
1322 2973 1352 3021 et
1363 2965 1455 3021 Lucio
1473 2965 1669 3030 confirmatas,

448 3023 574 3104 metim
614 3049 804 3122 appellationi
831 3049 869 3104 ad
894 3049 994 3105 sedem
1021 3049 1213 3122 apostolicam
1231 3050 1412 3121 interpositas
1438 3067 1497 3105 non
1521 3049 1669 3116 deferens,

448 3110 564 3165 ‘imm‘
614 3135 758 3191 violenter
775 3139 806 3190 et
822 3135 898 3191 citra
911 3134 990 3205 juris
1008 3133 1142 3190 ordinem
1166 3134 1299 3200 abstulit,
1321 3152 1394 3206 quas
1418 3134 1553 3190 dominus
1572 3132 1670 3189 arohi-

615 3220 779 3292 episcopus,
801 3219 852 3290 qui
879 3219 966 3274 modo
991 3217 1077 3275 nobis
1103 3225 1220 3290 praeest,
1248 3218 1364 3275 clericis
1391 3219 1453 3276 suis
1477 3218 1611 3284 contulit,
1639 3224 1670 3274 ct

615 3311 717 3360 contra
743 3309 839 3360 cartas
867 3309 897 3359 et
922 3302 1083 3375 privilegia
1100 3303 1240 3358 Romanae
1267 3303 1399 3359 ecelesias
1421 3302 1668 3374 appraebendavit.

615 3389 751 3455 Domum,
771 3389 901 3461 pcccatis
927 3388 1036 3443 nostris
1056 3387 1251 3459 exigentibus,
1270 3388 1398 3445 invaluit
1422 3390 1519 3444 acrius
1537 3389 1671 3444 versutia

448 3484 597 3536 materam
615 3474 758 3530 inchoatas
788 3472 993 3544 malignitatis.
1044 3472 1130 3542 Quod
1158 3474 1236 3528 enim
1262 3473 1345 3529 dictu
1369 3473 1548 3540 miserabile,
1577 3479 1609 3528 et
1637 3473 1670 3528 in

449 3537 595 3629 ppphphurcn
614 3559 834 3614 subversionem
853 3556 1074 3612 cantuariensis
1094 3557 1236 3624 ccclesia,
1256 3559 1346 3613 tacita
1364 3560 1498 3625 veritate,
1518 3566 1552 3614 ut
1570 3564 1671 3630 posset

448 3637 578 3730 fflssffwf
615 3645 758 3714 capellam
785 3645 816 3697 in
843 3644 953 3697 honoro
979 3644 1132 3697 beatorum
1158 3651 1322 3713 martyrum
1342 3644 1482 3714 Stephani
1502 3651 1532 3699 ct
1549 3643 1669 3698 Thomas

448 3719 547 3783 cerret.
615 3736 794 3793 construere,
827 3747 844 3782 a
874 3729 942 3784 sede
974 3728 1135 3799 apostolica
1152 3729 1345 3799 {impetravit
1395 3729 1479 3799 Quod
1509 3736 1607 3783 autem
1638 3728 1669 3781 in

615 3814 835 3869 subversionem
855 3813 1076 3868 Cantuariensis
1095 3812 1227 3868 ecclesiae
1246 3820 1412 3869 constructa
1431 3815 1479 3880 sit,
1494 3813 1556 3868 haee
1569 3814 1669 3869 riden-

615 3909 664 3953 tur
682 3917 769 3968 pesse
788 3896 896 3963 induci,
917 3898 1013 3968 operis
1032 3897 1138 3952 illicita
1156 3899 1344 3963 construetiO,
1359 3906 1388 3953 et
1397 3900 1475 3970 juris
1493 3897 1669 3968 antiquioris

615 3983 746 4038 ecclesiae
773 3982 938 4046 diminutio,
959 3983 1052 4037 nimia
1080 3981 1208 4037 scandali
1234 3991 1264 4038 et
1282 3985 1435 4039 seditionis
1453 3984 1577 4039 occasio.
1614 3982 1668 4038 Vi·

614 4069 716 4123 dentes
735 4069 828 4139 igitur
846 4069 927 4138 prior
952 4075 982 4122 et
1006 4075 1166 4123 conventus
1187 4068 1407 4124 Cantuariensis
1426 4069 1569 4133 eeclesiae,
1590 4066 1669 4138 quod

613 4154 676 4208 lnec
695 4161 725 4208 et
748 4154 806 4207 alia
824 4153 854 4206 in
879 4153 1108 4207 destructionem
1126 4160 1186 4208 tam
1205 4154 1312 4209 nobilis
1331 4160 1361 4208 et
1377 4156 1496 4209 samosae
1514 4154 1668 4208 moliretur

614 4238 755 4302 ccclesia,
788 4237 888 4292 divino
920 4237 1034 4306 Spiritu
1067 4238 1183 4307 repleti,
1216 4246 1246 4293 et
1278 4239 1403 4293 maxime
1440 4239 1518 4292 beati
1548 4238 1667 4292 Thomee

613 4322 752 4393 martyris
772 4321 929 4392 vigilantia
949 4322 1080 4386 excitati,
1101 4323 1263 4392 postposito
1282 4323 1397 4387 timore,
1417 4330 1574 4393 antequam
1593 4339 1666 4392 opus

614 4409 787 4479 praedictum
821 4407 1019 4473 inchoaretur,
1048 4425 1121 4477 opus
1148 4407 1369 4472 interdixerunt,
1402 4407 1439 4462 ad
1470 4408 1570 4462 sedem
1600 4424 1667 4476 ape·

614 4493 747 4548 stolicam
784 4491 976 4563 appellantes.
1028 4491 1142 4561 Saepius
1180 4493 1405 4563 appellationem
1441 4495 1666 4548 renovaverunt.

448 4583 495 4626 ‘flio
505 4585 567 4635 prior
613 4579 699 4632 Prior
717 4598 798 4648 ergo,
819 4596 887 4632 cum
906 4576 1082 4647 quibusdam
1101 4576 1137 4630 dc
1159 4576 1309 4642 fratribus,
1324 4577 1361 4630 ad
1379 4577 1493 4631 curiam
1506 4577 1668 4631 Remmiam

447 4638 581 4733 issssioiind
613 4663 670 4717 iter
697 4664 852 4734 arripiens,
884 4662 979 4716 felicis
1006 4662 1156 4715 memoriis
1183 4661 1301 4716 Urbano
1329 4662 1538 4732 prmdecessori
1569 4666 1668 4716 vestre

446 4739 568 4827 libid?
614 4755 644 4802 et
668 4748 793 4802 dominis
821 4746 1019 4802 cardinalibus
1047 4746 1202 4817 negotium
1226 4746 1385 4816 diligenter
1411 4752 1441 4801 et
1467 4746 1667 4801 efficacissime

448 4835 505 4877 “0¹11
515 4849 573 4889 roae
614 4834 757 4904 exposuit.
797 4833 936 4886 Summus
959 4832 1058 4901 itaque
1083 4832 1223 4902 pontifex,
1253 4831 1419 4902 periculum
1441 4831 1519 4901 quod
1541 4830 1666 4886 Cautua·

448 4885 535 4931 Urban
614 4918 704 4971 riensi
736 4917 868 4972 ecelesiae
898 4915 1071 4970 imminebat
1107 4916 1300 4987 perpendens,
1333 4923 1362 4971 et
1398 4915 1571 4971 desolationi
1607 4921 1667 4969 tam

614 5003 789 5057 venerabilis
815 5001 946 5057 ecclesiae
973 5000 1140 5065 condolens,
1160 5001 1196 5055 dc
1221 5002 1342 5056 consilio
1367 5001 1551 5055 dominorum
1575 5000 1668 5055 cardi-

614 5087 726 5141 nalium
751 5087 843 5157 jussit
869 5086 1122 5156 archiepiscopum
1150 5104 1167 5139 a
1196 5086 1412 5141 constructione
1440 5104 1522 5141 norm
1548 5085 1667 5156 eapcllue

615 5179 645 5227 et
663 5171 846 5227 institutione
864 5171 1071 5226 canonicorum
1090 5169 1232 5226 desistere
1251 5177 1281 5226 ct
1298 5171 1415 5241 penitus
1435 5188 1559 5226 cessare.
1598 5169 1666 5240 lpse
