<?xml version="1.0" encoding="UTF-8"?>
<!DOCTYPE html PUBLIC "-//W3C//DTD XHTML 1.0 Transitional//EN"
    "http://www.w3.org/TR/xhtml1/DTD/xhtml1-transitional.dtd">
<html xmlns="http://www.w3.org/1999/xhtml" xml:lang="en" lang="en">
 <head>
  <title>
</title>
<meta http-equiv="Content-Type" content="text/html;charset=utf-8" />
  <meta name='ocr-system' content='tesseract 3.04.00' />
  <meta name='ocr-capabilities' content='ocr_page ocr_carea ocr_par ocr_line ocrx_word'/>
</head>
<body>
  <div class='ocr_page' id='page_1' title='image "./epistolaecantua00stubgoog_0380.png"; bbox 0 0 4192 6392; ppageno 0'>
   <div class='ocr_carea' id='block_1_1' title="bbox 627 1173 1409 1248">
    <p class='ocr_par' dir='ltr' id='par_1_1' title="bbox 627 1173 1409 1248">
     <span class='ocr_line' id='line_1_1' title="bbox 627 1173 1409 1248; baseline -0.006 -9"><span class='ocrx_word' id='word_1_1' title='bbox 627 1173 692 1245; x_wconf 84' lang='grc'><strong>178</strong></span> <span class='ocrx_word' id='word_1_2' title='bbox 907 1186 1080 1237; x_wconf 80' lang='lat' dir='ltr'><strong>nrrsroan</strong></span> <span class='ocrx_word' id='word_1_3' title='bbox 1102 1180 1409 1248; x_wconf 68' lang='lat' dir='ltr'><strong>clarummane,</strong></span> 
     </span>
    </p>
   </div>
   <div class='ocr_carea' id='block_1_2' title="bbox 477 1354 1810 1511">
    <p class='ocr_par' dir='ltr' id='par_1_2' title="bbox 477 1354 1810 1511">
     <span class='ocr_line' id='line_1_2' title="bbox 477 1354 1810 1431; baseline -0.01 -19"><span class='ocrx_word' id='word_1_4' title='bbox 477 1366 598 1414; x_wconf 71' lang='lat' dir='ltr'><strong>annas</strong></span> <span class='ocrx_word' id='word_1_5' title='bbox 628 1360 689 1416; x_wconf 82' lang='lat' dir='ltr'><strong>lere</strong></span> <span class='ocrx_word' id='word_1_6' title='bbox 706 1375 821 1417; x_wconf 84' lang='lat' dir='ltr'><strong>menses</strong></span> <span class='ocrx_word' id='word_1_7' title='bbox 836 1361 1017 1431; x_wconf 84' lang='lat' dir='ltr'><strong>jactaremur</strong></span> <span class='ocrx_word' id='word_1_8' title='bbox 1034 1359 1182 1424; x_wconf 88' lang='lat' dir='ltr'><strong>fluctibus,</strong></span> <span class='ocrx_word' id='word_1_9' title='bbox 1196 1377 1264 1415; x_wconf 84' lang='lat' dir='ltr'><strong>ecee</strong></span> <span class='ocrx_word' id='word_1_10' title='bbox 1281 1363 1401 1430; x_wconf 81' lang='lat' dir='ltr'><strong>reponte</strong></span> <span class='ocrx_word' id='word_1_11' title='bbox 1419 1372 1494 1413; x_wconf 82' lang='lat' dir='ltr'><strong>nora</strong></span> <span class='ocrx_word' id='word_1_12' title='bbox 1511 1355 1590 1411; x_wconf 78' lang='lat' dir='ltr'><strong>facta</strong></span> <span class='ocrx_word' id='word_1_13' title='bbox 1606 1354 1810 1411; x_wconf 69' lang='lat' dir='ltr'><strong>annitamur</strong></span> 
     </span>
     <span class='ocr_line' id='line_1_3' title="bbox 485 1417 1679 1511; baseline -0.006 -12"><span class='ocrx_word' id='word_1_14' title='bbox 485 1417 596 1473; x_wconf 50' lang='grc' dir='ltr'><strong>ΜΨ·</strong></span> <span class='ocrx_word' id='word_1_15' title='bbox 628 1445 740 1509; x_wconf 89' lang='lat' dir='ltr'><strong>omnia;</strong></span> <span class='ocrx_word' id='word_1_16' title='bbox 761 1451 841 1499; x_wconf 89' lang='lat' dir='ltr'><strong>ortus</strong></span> <span class='ocrx_word' id='word_1_17' title='bbox 857 1450 903 1499; x_wconf 89' lang='lat' dir='ltr'><strong>est</strong></span> <span class='ocrx_word' id='word_1_18' title='bbox 916 1445 965 1499; x_wconf 85' lang='lat' dir='ltr'><strong>Sol</strong></span> <span class='ocrx_word' id='word_1_19' title='bbox 979 1444 1119 1508; x_wconf 84' lang='lat' dir='ltr'><strong>Justitiae,</strong></span> <span class='ocrx_word' id='word_1_20' title='bbox 1135 1443 1210 1498; x_wconf 89' lang='lat' dir='ltr'><strong>“leo</strong></span> <span class='ocrx_word' id='word_1_21' title='bbox 1228 1443 1320 1506; x_wconf 90' lang='lat' dir='ltr'><strong>duris,</strong></span> <span class='ocrx_word' id='word_1_22' title='bbox 1332 1441 1454 1497; x_wconf 89' lang='lat' dir='ltr'><strong>mitibus</strong></span> <span class='ocrx_word' id='word_1_23' title='bbox 1471 1436 1604 1511; x_wconf 75' lang='lat' dir='ltr'><strong>agnus=”</strong></span> <span class='ocrx_word' id='word_1_24' title='bbox 1618 1435 1679 1506; x_wconf 78' lang='lat' dir='ltr'><strong>Qui</strong></span> 
     </span>
    </p>
   </div>
   <div class='ocr_carea' id='block_1_3' title="bbox 462 1491 1800 1600">
    <p class='ocr_par' dir='ltr' id='par_1_3' title="bbox 462 1491 1800 1600">
     <span class='ocr_line' id='line_1_4' title="bbox 462 1491 1800 1600; baseline -0.015 -6"><span class='ocrx_word' id='word_1_25' title='bbox 462 1491 603 1594; x_wconf 55' lang='lat' dir='ltr'><strong>dihsbdednudr</strong></span> <span class='ocrx_word' id='word_1_26' title='bbox 627 1528 738 1583; x_wconf 88' lang='lat' dir='ltr'><strong>residet</strong></span> <span class='ocrx_word' id='word_1_27' title='bbox 755 1530 785 1582; x_wconf 94' lang='lat' dir='ltr'><strong>in</strong></span> <span class='ocrx_word' id='word_1_28' title='bbox 803 1529 907 1583; x_wconf 88' lang='lat' dir='ltr'><strong>throno</strong></span> <span class='ocrx_word' id='word_1_29' title='bbox 921 1529 1036 1600; x_wconf 86' lang='lat' dir='ltr'><strong>judicat</strong></span> <span class='ocrx_word' id='word_1_30' title='bbox 1054 1528 1232 1600; x_wconf 71' lang='lat' dir='ltr'><strong>aequitatem,</strong></span> <span class='ocrx_word' id='word_1_31' title='bbox 1247 1533 1277 1583; x_wconf 87' lang='lat' dir='ltr'><strong>et</strong></span> <span class='ocrx_word' id='word_1_32' title='bbox 1288 1526 1449 1581; x_wconf 82' lang='lat' dir='ltr'>humilibus</span> <span class='ocrx_word' id='word_1_33' title='bbox 1468 1530 1498 1579; x_wconf 90' lang='lat' dir='ltr'><strong>et</strong></span> <span class='ocrx_word' id='word_1_34' title='bbox 1514 1520 1678 1577; x_wconf 76' lang='lat' dir='ltr'>mansuetis</span> <span class='ocrx_word' id='word_1_35' title='bbox 1690 1523 1800 1569; x_wconf 60' lang='lat' dir='ltr'><strong>Pala&amp;</strong></span> 
     </span>
    </p>
   </div>
   <div class='ocr_carea' id='block_1_4' title="bbox 461 1596 1810 4552">
    <p class='ocr_par' dir='ltr' id='par_1_4' title="bbox 461 1596 1810 4552">
     <span class='ocr_line' id='line_1_5' title="bbox 461 1596 1680 1689; baseline -0.005 -23"><span class='ocrx_word' id='word_1_36' title='bbox 461 1596 545 1689; x_wconf 42' lang='grc' dir='ltr'><strong>’,ᾖξ’</strong></span> <span class='ocrx_word' id='word_1_37' title='bbox 628 1612 715 1667; x_wconf 90' lang='lat' dir='ltr'><strong>corde</strong></span> <span class='ocrx_word' id='word_1_38' title='bbox 733 1620 878 1684; x_wconf 66' lang='lat' dir='ltr'><strong>praecepta</strong></span> <span class='ocrx_word' id='word_1_39' title='bbox 895 1613 964 1669; x_wconf 79' lang='lat' dir='ltr'><strong>ritae</strong></span> <span class='ocrx_word' id='word_1_40' title='bbox 982 1614 1140 1684; x_wconf 76' lang='lat' dir='ltr'><strong>dispensat.</strong></span> <span class='ocrx_word' id='word_1_41' title='bbox 1178 1613 1237 1667; x_wconf 92' lang='lat' dir='ltr'><strong>Hic</strong></span> <span class='ocrx_word' id='word_1_42' title='bbox 1256 1611 1405 1682; x_wconf 82' lang='lat' dir='ltr'><strong>estquis</strong></span> <span class='ocrx_word' id='word_1_43' title='bbox 1422 1615 1539 1682; x_wconf 90' lang='lat' dir='ltr'><strong>patrum</strong></span> <span class='ocrx_word' id='word_1_44' title='bbox 1556 1623 1680 1663; x_wconf 89' lang='lat' dir='ltr'><strong>suorum</strong></span> 
     </span>
     <span class='ocr_line' id='line_1_6' title="bbox 628 1688 1678 1768; baseline -0.006 -18"><span class='ocrx_word' id='word_1_45' title='bbox 628 1697 764 1768; x_wconf 82' lang='lat' dir='ltr'><strong>vestigiis</strong></span> <span class='ocrx_word' id='word_1_46' title='bbox 783 1703 813 1753; x_wconf 88' lang='lat' dir='ltr'><strong>et</strong></span> <span class='ocrx_word' id='word_1_47' title='bbox 830 1698 1034 1753; x_wconf 73' lang='lat' dir='ltr'><strong>traditionibus</strong></span> <span class='ocrx_word' id='word_1_48' title='bbox 1052 1698 1152 1752; x_wconf 90' lang='lat' dir='ltr'><strong>renuit</strong></span> <span class='ocrx_word' id='word_1_49' title='bbox 1163 1697 1336 1760; x_wconf 73' lang='lat' dir='ltr'><strong>exorbitare,</strong></span> <span class='ocrx_word' id='word_1_50' title='bbox 1349 1694 1447 1750; x_wconf 88' lang='lat' dir='ltr'><strong>omnia</strong></span> <span class='ocrx_word' id='word_1_51' title='bbox 1458 1709 1525 1749; x_wconf 89' lang='lat' dir='ltr'><strong>oum</strong></span> <span class='ocrx_word' id='word_1_52' title='bbox 1543 1688 1678 1756; x_wconf 85' lang='lat' dir='ltr'><strong>consilio,</strong></span> 
     </span>
     <span class='ocr_line' id='line_1_7' title="bbox 462 1780 1679 1888; baseline -0.007 -50"><span class='ocrx_word' id='word_1_53' title='bbox 462 1795 617 1888; x_wconf 54' lang='lat' dir='ltr'><strong>afflpanotss</strong></span> <span class='ocrx_word' id='word_1_54' title='bbox 630 1781 709 1835; x_wconf 91' lang='lat' dir='ltr'><strong>omni</strong></span> <span class='ocrx_word' id='word_1_55' title='bbox 727 1798 793 1836; x_wconf 91' lang='lat' dir='ltr'><strong>cum</strong></span> <span class='ocrx_word' id='word_1_56' title='bbox 812 1782 1019 1837; x_wconf 79' lang='lat' dir='ltr'><strong>deliberatione</strong></span> <span class='ocrx_word' id='word_1_57' title='bbox 1031 1788 1146 1838; x_wconf 89' lang='lat' dir='ltr'><strong>mature</strong></span> <span class='ocrx_word' id='word_1_58' title='bbox 1158 1781 1333 1852; x_wconf 75' lang='lat' dir='ltr'><strong>disceptans.</strong></span> <span class='ocrx_word' id='word_1_59' title='bbox 1368 1780 1427 1834; x_wconf 91' lang='lat' dir='ltr'><strong>Hic</strong></span> <span class='ocrx_word' id='word_1_60' title='bbox 1445 1784 1491 1833; x_wconf 89' lang='lat' dir='ltr'><strong>est</strong></span> <span class='ocrx_word' id='word_1_61' title='bbox 1508 1793 1597 1850; x_wconf 90' lang='lat' dir='ltr'><strong>quem</strong></span> <span class='ocrx_word' id='word_1_62' title='bbox 1614 1792 1679 1830; x_wconf 91' lang='lat' dir='ltr'><strong>cor·</strong></span> 
     </span>
     <span class='ocr_line' id='line_1_8' title="bbox 461 1847 1680 1941; baseline -0.006 -21"><span class='ocrx_word' id='word_1_63' title='bbox 461 1847 491 1938; x_wconf 52' lang='grc' dir='ltr'>ξ</span> <span class='ocrx_word' id='word_1_64' title='bbox 532 1858 613 1941; x_wconf 51' lang='grc' dir='ltr'><strong>Ἕω</strong></span> <span class='ocrx_word' id='word_1_65' title='bbox 629 1865 752 1937; x_wconf 81' lang='lat' dir='ltr'><strong>ruptelae</strong></span> <span class='ocrx_word' id='word_1_66' title='bbox 764 1884 928 1933; x_wconf 86' lang='lat' dir='ltr'><strong>muncrum,</strong></span> <span class='ocrx_word' id='word_1_67' title='bbox 941 1867 1012 1922; x_wconf 92' lang='lat' dir='ltr'><strong>licet</strong></span> <span class='ocrx_word' id='word_1_68' title='bbox 1029 1884 1047 1921; x_wconf 92' lang='lat' dir='ltr'><strong>a</strong></span> <span class='ocrx_word' id='word_1_69' title='bbox 1064 1866 1204 1922; x_wconf 86' lang='lat' dir='ltr'><strong>Romanis</strong></span> <span class='ocrx_word' id='word_1_70' title='bbox 1221 1865 1344 1920; x_wconf 75' lang='lat' dir='ltr'><strong>traxerit</strong></span> <span class='ocrx_word' id='word_1_71' title='bbox 1361 1862 1514 1934; x_wconf 84' lang='lat' dir='ltr'><strong>originem,</strong></span> <span class='ocrx_word' id='word_1_72' title='bbox 1527 1877 1680 1932; x_wconf 85' lang='lat' dir='ltr'><strong>uunquam</strong></span> 
     </span>
     <span class='ocr_line' id='line_1_9' title="bbox 462 1945 1810 2042; baseline -0.001 -38"><span class='ocrx_word' id='word_1_73' title='bbox 462 1945 546 2039; x_wconf 46' lang='lat' dir='ltr'><strong>villu</strong></span> <span class='ocrx_word' id='word_1_74' title='bbox 554 1947 606 2042; x_wconf 58' lang='lat' dir='ltr'><strong>&#39;hp</strong></span> <span class='ocrx_word' id='word_1_75' title='bbox 629 1953 787 2022; x_wconf 87' lang='lat' dir='ltr'><strong>potuerunt</strong></span> <span class='ocrx_word' id='word_1_76' title='bbox 804 1950 944 2006; x_wconf 84' lang='lat' dir='ltr'><strong>hactenus</strong></span> <span class='ocrx_word' id='word_1_77' title='bbox 963 1949 1115 2016; x_wconf 84' lang='lat' dir='ltr'><strong>suffocare,</strong></span> <span class='ocrx_word' id='word_1_78' title='bbox 1136 1950 1187 2022; x_wconf 93' lang='lat' dir='ltr'><strong>qui</strong></span> <span class='ocrx_word' id='word_1_79' title='bbox 1212 1967 1287 2004; x_wconf 90' lang='lat' dir='ltr'><strong>nuno</strong></span> <span class='ocrx_word' id='word_1_80' title='bbox 1315 1946 1404 2003; x_wconf 88' lang='lat' dir='ltr'><strong>ctiam</strong></span> <span class='ocrx_word' id='word_1_81' title='bbox 1421 1963 1525 2001; x_wconf 89' lang='lat' dir='ltr'><strong>manus</strong></span> <span class='ocrx_word' id='word_1_82' title='bbox 1544 1962 1612 2000; x_wconf 89' lang='lat' dir='ltr'><strong>snas</strong></span> <span class='ocrx_word' id='word_1_83' title='bbox 1631 1955 1810 2002; x_wconf 57' lang='lat' dir='ltr'><strong>erluinum</strong></span> 
     </span>
     <span class='ocr_line' id='line_1_10' title="bbox 463 2008 1726 2100; baseline -0.006 -11"><span class='ocrx_word' id='word_1_84' title='bbox 463 2008 586 2100; x_wconf 51' lang='lat' dir='ltr'><strong>onpwngp</strong></span> <span class='ocrx_word' id='word_1_85' title='bbox 630 2033 706 2089; x_wconf 87' lang='lat' dir='ltr'><strong>cutit</strong></span> <span class='ocrx_word' id='word_1_86' title='bbox 723 2033 759 2088; x_wconf 91' lang='lat' dir='ltr'><strong>ab</strong></span> <span class='ocrx_word' id='word_1_87' title='bbox 778 2035 856 2089; x_wconf 89' lang='lat' dir='ltr'><strong>omni</strong></span> <span class='ocrx_word' id='word_1_88' title='bbox 879 2053 1009 2100; x_wconf 90' lang='lat' dir='ltr'><strong>munere,</strong></span> <span class='ocrx_word' id='word_1_89' title='bbox 1029 2035 1088 2089; x_wconf 92' lang='lat' dir='ltr'><strong>nisi</strong></span> <span class='ocrx_word' id='word_1_90' title='bbox 1114 2053 1132 2090; x_wconf 84' lang='lat' dir='ltr'><strong>a</strong></span> <span class='ocrx_word' id='word_1_91' title='bbox 1156 2034 1276 2090; x_wconf 72' lang='lat' dir='ltr'><strong>sincerae</strong></span> <span class='ocrx_word' id='word_1_92' title='bbox 1302 2029 1487 2087; x_wconf 75' lang='lat' dir='ltr'><strong>liberalitatis</strong></span> <span class='ocrx_word' id='word_1_93' title='bbox 1514 2030 1593 2085; x_wconf 77' lang='lat' dir='ltr'><strong>fonte</strong></span> <span class='ocrx_word' id='word_1_94' title='bbox 1621 2026 1678 2087; x_wconf 89' lang='lat' dir='ltr'><strong>sibi</strong></span> <span class='ocrx_word' id='word_1_95' title='bbox 1691 2012 1726 2052; x_wconf 50' lang='grc' dir='ltr'><strong>η</strong></span> 
     </span>
     <span class='ocr_line' id='line_1_11' title="bbox 461 2097 1681 2188; baseline -0.003 -17"><span class='ocrx_word' id='word_1_96' title='bbox 461 2097 524 2149; x_wconf 50' lang='lat'><strong>⁸¹¹⁸</strong></span> <span class='ocrx_word' id='word_1_97' title='bbox 632 2117 762 2188; x_wconf 87' lang='lat' dir='ltr'><strong>gratuito</strong></span> <span class='ocrx_word' id='word_1_98' title='bbox 780 2118 942 2174; x_wconf 88' lang='lat' dir='ltr'><strong>donationis</strong></span> <span class='ocrx_word' id='word_1_99' title='bbox 960 2118 1048 2174; x_wconf 77' lang='lat' dir='ltr'><strong>titulo</strong></span> <span class='ocrx_word' id='word_1_100' title='bbox 1061 2119 1256 2174; x_wconf 73' lang='lat' dir='ltr'><strong>conferantur.</strong></span> <span class='ocrx_word' id='word_1_101' title='bbox 1293 2116 1353 2171; x_wconf 88' lang='lat' dir='ltr'><strong>Hic</strong></span> <span class='ocrx_word' id='word_1_102' title='bbox 1371 2119 1417 2171; x_wconf 90' lang='lat' dir='ltr'><strong>est</strong></span> <span class='ocrx_word' id='word_1_103' title='bbox 1434 2115 1494 2187; x_wconf 90' lang='lat' dir='ltr'><strong>qui,</strong></span> <span class='ocrx_word' id='word_1_104' title='bbox 1511 2110 1681 2185; x_wconf 85' lang='lat' dir='ltr'><strong>justissima</strong></span> 
     </span>
     <span class='ocr_line' id='line_1_12' title="bbox 630 2197 1682 2274; baseline -0.002 -19"><span class='ocrx_word' id='word_1_105' title='bbox 630 2200 701 2256; x_wconf 88' lang='lat' dir='ltr'><strong>licet</strong></span> <span class='ocrx_word' id='word_1_106' title='bbox 718 2209 813 2258; x_wconf 90' lang='lat' dir='ltr'><strong>motus</strong></span> <span class='ocrx_word' id='word_1_107' title='bbox 832 2203 954 2269; x_wconf 89' lang='lat' dir='ltr'><strong>ratione,</strong></span> <span class='ocrx_word' id='word_1_108' title='bbox 975 2203 1150 2258; x_wconf 87' lang='lat' dir='ltr'><strong>sententiam</strong></span> <span class='ocrx_word' id='word_1_109' title='bbox 1161 2201 1354 2274; x_wconf 85' lang='lat' dir='ltr'><strong>praecipitare,</strong></span> <span class='ocrx_word' id='word_1_110' title='bbox 1373 2199 1422 2254; x_wconf 83' lang='lat' dir='ltr'><strong>vel</strong></span> <span class='ocrx_word' id='word_1_111' title='bbox 1440 2201 1471 2254; x_wconf 93' lang='lat' dir='ltr'><strong>in</strong></span> <span class='ocrx_word' id='word_1_112' title='bbox 1489 2197 1617 2270; x_wconf 88' lang='lat' dir='ltr'><strong>aliquem</strong></span> <span class='ocrx_word' id='word_1_113' title='bbox 1636 2214 1682 2253; x_wconf 87' lang='lat' dir='ltr'><strong>se·</strong></span> 
     </span>
     <span class='ocr_line' id='line_1_13' title="bbox 630 2281 1681 2359; baseline -0.002 -20"><span class='ocrx_word' id='word_1_114' title='bbox 630 2284 739 2352; x_wconf 86' lang='lat' dir='ltr'><strong>verius,</strong></span> <span class='ocrx_word' id='word_1_115' title='bbox 759 2287 816 2342; x_wconf 91' lang='lat' dir='ltr'><strong>nisi</strong></span> <span class='ocrx_word' id='word_1_116' title='bbox 834 2305 922 2344; x_wconf 85' lang='lat' dir='ltr'><strong>causa</strong></span> <span class='ocrx_word' id='word_1_117' title='bbox 939 2288 1067 2359; x_wconf 81' lang='lat' dir='ltr'><strong>cognita,</strong></span> <span class='ocrx_word' id='word_1_118' title='bbox 1086 2304 1270 2358; x_wconf 88' lang='lat' dir='ltr'><strong>nequaquam</strong></span> <span class='ocrx_word' id='word_1_119' title='bbox 1287 2285 1427 2340; x_wconf 83' lang='lat' dir='ltr'><strong>hactenus</strong></span> <span class='ocrx_word' id='word_1_120' title='bbox 1445 2281 1527 2338; x_wconf 87' lang='lat' dir='ltr'><strong>visus</strong></span> <span class='ocrx_word' id='word_1_121' title='bbox 1551 2286 1597 2338; x_wconf 85' lang='lat' dir='ltr'><strong>est</strong></span> <span class='ocrx_word' id='word_1_122' title='bbox 1613 2299 1681 2355; x_wconf 87' lang='lat' dir='ltr'><strong>pro·</strong></span> 
     </span>
     <span class='ocr_line' id='line_1_14' title="bbox 490 2365 1682 2442; baseline 0.001 -22"><span class='ocrx_word' id='word_1_123' title='bbox 490 2378 589 2422; x_wconf 59' lang='grc' dir='ltr'><strong>ΜΝ.</strong></span> <span class='ocrx_word' id='word_1_124' title='bbox 631 2369 775 2442; x_wconf 88' lang='lat' dir='ltr'><strong>mulgaro,</strong></span> <span class='ocrx_word' id='word_1_125' title='bbox 796 2371 848 2427; x_wconf 92' lang='lat' dir='ltr'><strong>sed</strong></span> <span class='ocrx_word' id='word_1_126' title='bbox 866 2372 1026 2427; x_wconf 85' lang='lat' dir='ltr'><strong>secundum</strong></span> <span class='ocrx_word' id='word_1_127' title='bbox 1043 2370 1150 2426; x_wconf 85' lang='lat' dir='ltr'><strong>merita</strong></span> <span class='ocrx_word' id='word_1_128' title='bbox 1173 2387 1327 2425; x_wconf 89' lang='lat' dir='ltr'><strong>causarum</strong></span> <span class='ocrx_word' id='word_1_129' title='bbox 1348 2367 1482 2440; x_wconf 86' lang='lat' dir='ltr'><strong>quilibet,</strong></span> <span class='ocrx_word' id='word_1_130' title='bbox 1500 2370 1589 2440; x_wconf 86' lang='lat' dir='ltr'><strong>prout</strong></span> <span class='ocrx_word' id='word_1_131' title='bbox 1602 2365 1682 2437; x_wconf 87' lang='lat' dir='ltr'><strong>juris</strong></span> 
     </span>
     <span class='ocr_line' id='line_1_15' title="bbox 632 2450 1683 2528; baseline -0.003 -20"><span class='ocrx_word' id='word_1_132' title='bbox 632 2455 703 2509; x_wconf 90' lang='lat' dir='ltr'><strong>ordo</strong></span> <span class='ocrx_word' id='word_1_133' title='bbox 728 2455 877 2522; x_wconf 85' lang='lat' dir='ltr'><strong>discemit,</strong></span> <span class='ocrx_word' id='word_1_134' title='bbox 906 2475 990 2513; x_wconf 90' lang='lat' dir='ltr'><strong>suam</strong></span> <span class='ocrx_word' id='word_1_135' title='bbox 1015 2473 1100 2528; x_wconf 71' lang='lat' dir='ltr'><strong>aequa</strong></span> <span class='ocrx_word' id='word_1_136' title='bbox 1124 2455 1206 2510; x_wconf 87' lang='lat' dir='ltr'><strong>lance</strong></span> <span class='ocrx_word' id='word_1_137' title='bbox 1233 2457 1364 2525; x_wconf 84' lang='lat' dir='ltr'><strong>reportat</strong></span> <span class='ocrx_word' id='word_1_138' title='bbox 1389 2450 1566 2525; x_wconf 74' lang='lat' dir='ltr'><strong>aequitatem.</strong></span> <span class='ocrx_word' id='word_1_139' title='bbox 1604 2450 1683 2521; x_wconf 81' lang='lat' dir='ltr'><strong>Quid</strong></span> 
     </span>
     <span class='ocr_line' id='line_1_16' title="bbox 631 2534 1683 2610; baseline -0.003 -17"><span class='ocrx_word' id='word_1_140' title='bbox 631 2537 740 2610; x_wconf 81' lang='lat' dir='ltr'><strong>plura?</strong></span> <span class='ocrx_word' id='word_1_141' title='bbox 782 2539 850 2594; x_wconf 89' lang='lat' dir='ltr'><strong>Non</strong></span> <span class='ocrx_word' id='word_1_142' title='bbox 875 2540 1021 2596; x_wconf 90' lang='lat' dir='ltr'><strong>sufficeret</strong></span> <span class='ocrx_word' id='word_1_143' title='bbox 1047 2538 1111 2594; x_wconf 86' lang='lat' dir='ltr'><strong>dios</strong></span> <span class='ocrx_word' id='word_1_144' title='bbox 1130 2538 1256 2609; x_wconf 78' lang='lat' dir='ltr'><strong>&#39;singula</strong></span> <span class='ocrx_word' id='word_1_145' title='bbox 1280 2538 1432 2609; x_wconf 65' lang='lat' dir='ltr'><strong>praeconia,</strong></span> <span class='ocrx_word' id='word_1_146' title='bbox 1453 2534 1585 2609; x_wconf 82' lang='lat' dir='ltr'><strong>singulas</strong></span> <span class='ocrx_word' id='word_1_147' title='bbox 1614 2540 1683 2590; x_wconf 87' lang='lat' dir='ltr'><strong>ante</strong></span> 
     </span>
     <span class='ocr_line' id='line_1_17' title="bbox 464 2623 1682 2732; baseline -0.006 -48"><span class='ocrx_word' id='word_1_148' title='bbox 464 2629 620 2732; x_wconf 46' lang='grc' dir='ltr'><strong>Ανῗὲοὴοὶ]</strong></span> <span class='ocrx_word' id='word_1_149' title='bbox 632 2633 770 2700; x_wconf 88' lang='lat' dir='ltr'><strong>papatum</strong></span> <span class='ocrx_word' id='word_1_150' title='bbox 789 2645 857 2683; x_wconf 87' lang='lat' dir='ltr'><strong>suas</strong></span> <span class='ocrx_word' id='word_1_151' title='bbox 878 2645 1014 2683; x_wconf 86' lang='lat' dir='ltr'><strong>enarrare</strong></span> <span class='ocrx_word' id='word_1_152' title='bbox 1032 2627 1167 2682; x_wconf 88' lang='lat' dir='ltr'><strong>virtutes.</strong></span> <span class='ocrx_word' id='word_1_153' title='bbox 1206 2624 1283 2693; x_wconf 81' lang='lat' dir='ltr'><strong>Quid</strong></span> <span class='ocrx_word' id='word_1_154' title='bbox 1308 2624 1364 2680; x_wconf 88' lang='lat' dir='ltr'><strong>sibi</strong></span> <span class='ocrx_word' id='word_1_155' title='bbox 1388 2623 1575 2696; x_wconf 87' lang='lat' dir='ltr'><strong>postmodum</strong></span> <span class='ocrx_word' id='word_1_156' title='bbox 1599 2639 1682 2679; x_wconf 90' lang='lat' dir='ltr'><strong>sanc·</strong></span> 
     </span>
     <span class='ocr_line' id='line_1_18' title="bbox 464 2693 1798 2783; baseline -0.003 -16"><span class='ocrx_word' id='word_1_157' title='bbox 464 2693 512 2723; x_wconf 62' lang='lat'><strong>⁶²⁰</strong></span> <span class='ocrx_word' id='word_1_158' title='bbox 571 2713 578 2725; x_wconf 82' lang='lat'><em>⁰</em></span> <span class='ocrx_word' id='word_1_159' title='bbox 631 2711 725 2767; x_wconf 87' lang='lat' dir='ltr'><strong>titatis</strong></span> <span class='ocrx_word' id='word_1_160' title='bbox 743 2711 792 2766; x_wconf 83' lang='lat' dir='ltr'><strong>vel</strong></span> <span class='ocrx_word' id='word_1_161' title='bbox 810 2710 914 2783; x_wconf 81' lang='lat' dir='ltr'><strong>gratiae</strong></span> <span class='ocrx_word' id='word_1_162' title='bbox 935 2711 1079 2766; x_wconf 84' lang='lat' dir='ltr'><strong>infuderit</strong></span> <span class='ocrx_word' id='word_1_163' title='bbox 1097 2709 1296 2781; x_wconf 87' lang='lat' dir='ltr'><strong>Omnipotens,</strong></span> <span class='ocrx_word' id='word_1_164' title='bbox 1317 2727 1375 2764; x_wconf 90' lang='lat' dir='ltr'><strong>non</strong></span> <span class='ocrx_word' id='word_1_165' title='bbox 1401 2715 1447 2765; x_wconf 90' lang='lat' dir='ltr'><strong>est</strong></span> <span class='ocrx_word' id='word_1_166' title='bbox 1466 2713 1573 2764; x_wconf 83' lang='lat' dir='ltr'><strong>nostroe</strong></span> <span class='ocrx_word' id='word_1_167' title='bbox 1591 2704 1798 2763; x_wconf 68' lang='lat' dir='ltr'><strong>facul-Mart</strong></span> 
     </span>
     <span class='ocr_line' id='line_1_19' title="bbox 631 2792 1684 2866; baseline -0.004 -16"><span class='ocrx_word' id='word_1_168' title='bbox 631 2795 701 2851; x_wconf 85' lang='lat' dir='ltr'><strong>tatis</strong></span> <span class='ocrx_word' id='word_1_169' title='bbox 720 2794 833 2850; x_wconf 84' lang='lat' dir='ltr'><strong>solvere</strong></span> <span class='ocrx_word' id='word_1_170' title='bbox 852 2795 1019 2866; x_wconf 82' lang='lat' dir='ltr'><strong>corrigiam.</strong></span> <span class='ocrx_word' id='word_1_171' title='bbox 1060 2794 1119 2850; x_wconf 81' lang='lat' dir='ltr'><strong>Sed</strong></span> <span class='ocrx_word' id='word_1_172' title='bbox 1138 2793 1204 2866; x_wconf 88' lang='lat' dir='ltr'><strong>quis</strong></span> <span class='ocrx_word' id='word_1_173' title='bbox 1217 2800 1350 2849; x_wconf 90' lang='lat' dir='ltr'><strong>sanctum</strong></span> <span class='ocrx_word' id='word_1_174' title='bbox 1368 2811 1432 2848; x_wconf 89' lang='lat' dir='ltr'><strong>essa</strong></span> <span class='ocrx_word' id='word_1_175' title='bbox 1451 2792 1574 2859; x_wconf 89' lang='lat' dir='ltr'><strong>dubitet,</strong></span> <span class='ocrx_word' id='word_1_176' title='bbox 1595 2808 1684 2863; x_wconf 87' lang='lat' dir='ltr'><strong>quem</strong></span> 
     </span>
     <span class='ocr_line' id='line_1_20' title="bbox 632 2874 1685 2951; baseline -0.004 -17"><span class='ocrx_word' id='word_1_177' title='bbox 632 2897 704 2951; x_wconf 84' lang='lat' dir='ltr'><strong>apex</strong></span> <span class='ocrx_word' id='word_1_178' title='bbox 721 2885 809 2935; x_wconf 81' lang='lat' dir='ltr'><strong>tantm</strong></span> <span class='ocrx_word' id='word_1_179' title='bbox 827 2878 981 2950; x_wconf 82' lang='lat' dir='ltr'><strong>dignitatis</strong></span> <span class='ocrx_word' id='word_1_180' title='bbox 999 2876 1127 2934; x_wconf 80' lang='lat' dir='ltr'><strong>attollit?</strong></span> <span class='ocrx_word' id='word_1_181' title='bbox 1146 2896 1232 2950; x_wconf 92' lang='lat' dir='ltr'><strong>quem</strong></span> <span class='ocrx_word' id='word_1_182' title='bbox 1251 2878 1289 2932; x_wconf 91' lang='lat' dir='ltr'><strong>ad</strong></span> <span class='ocrx_word' id='word_1_183' title='bbox 1306 2875 1439 2949; x_wconf 81' lang='lat' dir='ltr'><strong>regimen</strong></span> <span class='ocrx_word' id='word_1_184' title='bbox 1456 2874 1562 2932; x_wconf 90' lang='lat' dir='ltr'><strong>summi</strong></span> <span class='ocrx_word' id='word_1_185' title='bbox 1581 2874 1685 2930; x_wconf 88' lang='lat' dir='ltr'><strong>culmi·</strong></span> 
     </span>
     <span class='ocr_line' id='line_1_21' title="bbox 631 2959 1683 3019; baseline -0.003 -1"><span class='ocrx_word' id='word_1_186' title='bbox 631 2963 677 3018; x_wconf 92' lang='lat' dir='ltr'><strong>nis</strong></span> <span class='ocrx_word' id='word_1_187' title='bbox 696 2963 839 3018; x_wconf 90' lang='lat' dir='ltr'><strong>Dominus</strong></span> <span class='ocrx_word' id='word_1_188' title='bbox 858 2963 1015 3019; x_wconf 72' lang='lat' dir='ltr'><strong>invitavit?</strong></span> <span class='ocrx_word' id='word_1_189' title='bbox 1051 2962 1170 3018; x_wconf 88' lang='lat' dir='ltr'><strong>Nullus.</strong></span> <span class='ocrx_word' id='word_1_190' title='bbox 1210 2962 1294 3018; x_wconf 81' lang='lat' dir='ltr'><strong>Sicut</strong></span> <span class='ocrx_word' id='word_1_191' title='bbox 1319 2962 1396 3017; x_wconf 91' lang='lat' dir='ltr'><strong>enim</strong></span> <span class='ocrx_word' id='word_1_192' title='bbox 1420 2961 1512 3017; x_wconf 87' lang='lat' dir='ltr'><strong>instar</strong></span> <span class='ocrx_word' id='word_1_193' title='bbox 1530 2964 1576 3016; x_wconf 87' lang='lat' dir='ltr'><strong>est</strong></span> <span class='ocrx_word' id='word_1_194' title='bbox 1594 2959 1683 3016; x_wconf 86' lang='lat' dir='ltr'><strong>sacri·</strong></span> 
     </span>
     <span class='ocr_line' id='line_1_22' title="bbox 631 3044 1686 3118; baseline 0.001 -18"><span class='ocrx_word' id='word_1_195' title='bbox 631 3047 705 3118; x_wconf 84' lang='lat' dir='ltr'><strong>legii</strong></span> <span class='ocrx_word' id='word_1_196' title='bbox 722 3046 857 3102; x_wconf 88' lang='lat' dir='ltr'><strong>dubitare</strong></span> <span class='ocrx_word' id='word_1_197' title='bbox 875 3052 975 3102; x_wconf 88' lang='lat' dir='ltr'><strong>utrum</strong></span> <span class='ocrx_word' id='word_1_198' title='bbox 1000 3047 1108 3118; x_wconf 82' lang='lat' dir='ltr'><strong>dignus</strong></span> <span class='ocrx_word' id='word_1_199' title='bbox 1135 3047 1174 3102; x_wconf 91' lang='lat' dir='ltr'><strong>sit</strong></span> <span class='ocrx_word' id='word_1_200' title='bbox 1199 3064 1287 3117; x_wconf 87' lang='lat' dir='ltr'><strong>quem</strong></span> <span class='ocrx_word' id='word_1_201' title='bbox 1312 3045 1436 3118; x_wconf 83' lang='lat' dir='ltr'><strong>elegerit</strong></span> <span class='ocrx_word' id='word_1_202' title='bbox 1453 3045 1622 3116; x_wconf 86' lang='lat' dir='ltr'><strong>imperator,</strong></span> <span class='ocrx_word' id='word_1_203' title='bbox 1642 3044 1686 3101; x_wconf 83' lang='lat' dir='ltr'><strong>ita</strong></span> 
     </span>
     <span class='ocr_line' id='line_1_23' title="bbox 631 3128 1686 3204; baseline 0.001 -19"><span class='ocrx_word' id='word_1_204' title='bbox 631 3131 772 3186; x_wconf 89' lang='lat' dir='ltr'><strong>nimirum</strong></span> <span class='ocrx_word' id='word_1_205' title='bbox 789 3132 876 3204; x_wconf 83' lang='lat' dir='ltr'><strong>longe</strong></span> <span class='ocrx_word' id='word_1_206' title='bbox 895 3131 1107 3198; x_wconf 73' lang='lat' dir='ltr'><strong>detestabilius,</strong></span> <span class='ocrx_word' id='word_1_207' title='bbox 1127 3131 1214 3202; x_wconf 83' lang='lat' dir='ltr'><strong>longe</strong></span> <span class='ocrx_word' id='word_1_208' title='bbox 1233 3131 1391 3203; x_wconf 85' lang='lat' dir='ltr'><strong>profanius,</strong></span> <span class='ocrx_word' id='word_1_209' title='bbox 1411 3149 1469 3186; x_wconf 91' lang='lat' dir='ltr'><strong>non</strong></span> <span class='ocrx_word' id='word_1_210' title='bbox 1486 3128 1606 3186; x_wconf 88' lang='lat' dir='ltr'><strong>credere</strong></span> <span class='ocrx_word' id='word_1_211' title='bbox 1621 3130 1686 3203; x_wconf 89' lang='lat' dir='ltr'><strong>jus·</strong></span> 
     </span>
     <span class='ocr_line' id='line_1_24' title="bbox 632 3214 1686 3287; baseline -0.001 -17"><span class='ocrx_word' id='word_1_212' title='bbox 632 3220 696 3270; x_wconf 92' lang='lat' dir='ltr'><strong>tum</strong></span> <span class='ocrx_word' id='word_1_213' title='bbox 715 3233 779 3271; x_wconf 90' lang='lat' dir='ltr'><strong>esse</strong></span> <span class='ocrx_word' id='word_1_214' title='bbox 790 3216 838 3270; x_wconf 85' lang='lat' dir='ltr'><strong>vel</strong></span> <span class='ocrx_word' id='word_1_215' title='bbox 857 3221 998 3280; x_wconf 89' lang='lat' dir='ltr'><strong>sanctum,</strong></span> <span class='ocrx_word' id='word_1_216' title='bbox 1013 3233 1101 3287; x_wconf 90' lang='lat' dir='ltr'><strong>quem</strong></span> <span class='ocrx_word' id='word_1_217' title='bbox 1113 3215 1256 3270; x_wconf 89' lang='lat' dir='ltr'><strong>Dominus</strong></span> <span class='ocrx_word' id='word_1_218' title='bbox 1274 3214 1356 3271; x_wconf 87' lang='lat' dir='ltr'><strong>Petri</strong></span> <span class='ocrx_word' id='word_1_219' title='bbox 1369 3231 1566 3270; x_wconf 87' lang='lat' dir='ltr'><strong>successorem</strong></span> <span class='ocrx_word' id='word_1_220' title='bbox 1576 3232 1686 3287; x_wconf 86' lang='lat' dir='ltr'><strong>praeor-</strong></span> 
     </span>
     <span class='ocr_line' id='line_1_25' title="bbox 633 3296 1685 3372; baseline 0.001 -18"><span class='ocrx_word' id='word_1_221' title='bbox 633 3300 754 3365; x_wconf 82' lang='lat' dir='ltr'><strong>dinavit,</strong></span> <span class='ocrx_word' id='word_1_222' title='bbox 774 3306 805 3356; x_wconf 91' lang='lat' dir='ltr'><strong>et</strong></span> <span class='ocrx_word' id='word_1_223' title='bbox 821 3300 859 3355; x_wconf 87' lang='lat' dir='ltr'><strong>ad</strong></span> <span class='ocrx_word' id='word_1_224' title='bbox 877 3299 1067 3355; x_wconf 86' lang='lat' dir='ltr'><strong>erudiendam</strong></span> <span class='ocrx_word' id='word_1_225' title='bbox 1091 3300 1207 3372; x_wconf 86' lang='lat' dir='ltr'><strong>plebem</strong></span> <span class='ocrx_word' id='word_1_226' title='bbox 1227 3299 1317 3356; x_wconf 85' lang='lat' dir='ltr'><strong>Suam</strong></span> <span class='ocrx_word' id='word_1_227' title='bbox 1344 3298 1504 3365; x_wconf 87' lang='lat' dir='ltr'><strong>constituit,</strong></span> <span class='ocrx_word' id='word_1_228' title='bbox 1523 3296 1582 3355; x_wconf 89' lang='lat' dir='ltr'><strong>nisi</strong></span> <span class='ocrx_word' id='word_1_229' title='bbox 1599 3316 1685 3356; x_wconf 85' lang='lat' dir='ltr'><strong>casus</strong></span> 
     </span>
     <span class='ocr_line' id='line_1_26' title="bbox 633 3382 1685 3456; baseline 0.003 -18"><span class='ocrx_word' id='word_1_230' title='bbox 633 3389 752 3456; x_wconf 89' lang='lat' dir='ltr'><strong>propter</strong></span> <span class='ocrx_word' id='word_1_231' title='bbox 769 3392 889 3456; x_wconf 85' lang='lat' dir='ltr'><strong>peccata</strong></span> <span class='ocrx_word' id='word_1_232' title='bbox 914 3384 1088 3456; x_wconf 89' lang='lat' dir='ltr'><strong>populorum</strong></span> <span class='ocrx_word' id='word_1_233' title='bbox 1115 3383 1195 3439; x_wconf 90' lang='lat' dir='ltr'><strong>aliud</strong></span> <span class='ocrx_word' id='word_1_234' title='bbox 1212 3383 1340 3439; x_wconf 88' lang='lat' dir='ltr'><strong>inducat.</strong></span> <span class='ocrx_word' id='word_1_235' title='bbox 1375 3383 1437 3439; x_wconf 86' lang='lat' dir='ltr'><strong>Vos</strong></span> <span class='ocrx_word' id='word_1_236' title='bbox 1455 3382 1557 3455; x_wconf 82' lang='lat' dir='ltr'><strong>igitur,</strong></span> <span class='ocrx_word' id='word_1_237' title='bbox 1577 3382 1685 3440; x_wconf 79' lang='lat' dir='ltr'><strong>fratres</strong></span> 
     </span>
     <span class='ocr_line' id='line_1_27' title="bbox 634 3467 1810 3540; baseline 0.002 -18"><span class='ocrx_word' id='word_1_238' title='bbox 634 3468 796 3534; x_wconf 88' lang='lat' dir='ltr'><strong>reverendi,</strong></span> <span class='ocrx_word' id='word_1_239' title='bbox 811 3470 862 3540; x_wconf 92' lang='lat' dir='ltr'><strong>qui</strong></span> <span class='ocrx_word' id='word_1_240' title='bbox 880 3469 911 3523; x_wconf 90' lang='lat' dir='ltr'><strong>in</strong></span> <span class='ocrx_word' id='word_1_241' title='bbox 928 3468 1050 3539; x_wconf 87' lang='lat' dir='ltr'><strong>pulvere</strong></span> <span class='ocrx_word' id='word_1_242' title='bbox 1069 3476 1099 3525; x_wconf 91' lang='lat' dir='ltr'><strong>ct</strong></span> <span class='ocrx_word' id='word_1_243' title='bbox 1116 3486 1242 3524; x_wconf 87' lang='lat' dir='ltr'><strong>moerore</strong></span> <span class='ocrx_word' id='word_1_244' title='bbox 1258 3468 1369 3523; x_wconf 91' lang='lat' dir='ltr'><strong>diutius</strong></span> <span class='ocrx_word' id='word_1_245' title='bbox 1388 3467 1570 3533; x_wconf 81' lang='lat' dir='ltr'><strong>consedistis,</strong></span> <span class='ocrx_word' id='word_1_246' title='bbox 1584 3484 1686 3540; x_wconf 82' lang='lat' dir='ltr'><strong>exper-</strong></span> <span class='ocrx_word' id='word_1_247' title='bbox 1698 3479 1810 3524; x_wconf 67' lang='lat' dir='ltr'><strong>lautu</strong></span> 
     </span>
     <span class='ocr_line' id='line_1_28' title="bbox 634 3535 1729 3623; baseline 0.002 -19"><span class='ocrx_word' id='word_1_248' title='bbox 634 3552 782 3622; x_wconf 81' lang='lat' dir='ltr'><strong>giscimini</strong></span> <span class='ocrx_word' id='word_1_249' title='bbox 800 3558 831 3606; x_wconf 89' lang='lat' dir='ltr'><strong>et</strong></span> <span class='ocrx_word' id='word_1_250' title='bbox 847 3552 999 3623; x_wconf 87' lang='lat' dir='ltr'><strong>respirate.</strong></span> <span class='ocrx_word' id='word_1_251' title='bbox 1035 3551 1143 3608; x_wconf 85' lang='lat' dir='ltr'><strong>Veniet</strong></span> <span class='ocrx_word' id='word_1_252' title='bbox 1160 3552 1237 3607; x_wconf 91' lang='lat' dir='ltr'><strong>enim</strong></span> <span class='ocrx_word' id='word_1_253' title='bbox 1256 3552 1287 3606; x_wconf 91' lang='lat' dir='ltr'><strong>in</strong></span> <span class='ocrx_word' id='word_1_254' title='bbox 1304 3551 1435 3623; x_wconf 83' lang='lat' dir='ltr'><strong>proximo</strong></span> <span class='ocrx_word' id='word_1_255' title='bbox 1453 3551 1548 3623; x_wconf 88' lang='lat' dir='ltr'><strong>gloria</strong></span> <span class='ocrx_word' id='word_1_256' title='bbox 1565 3551 1685 3607; x_wconf 90' lang='lat' dir='ltr'><strong>Domini</strong></span> <span class='ocrx_word' id='word_1_257' title='bbox 1696 3535 1729 3576; x_wconf 61' lang='lat'><strong>¹²</strong></span> 
     </span>
     <span class='ocr_line' id='line_1_29' title="bbox 635 3635 1685 3708; baseline 0.003 -19"><span class='ocrx_word' id='word_1_258' title='bbox 635 3653 793 3706; x_wconf 85' lang='lat' dir='ltr'><strong>supervos</strong></span> <span class='ocrx_word' id='word_1_259' title='bbox 821 3636 857 3689; x_wconf 89' lang='lat' dir='ltr'><strong>ab</strong></span> <span class='ocrx_word' id='word_1_260' title='bbox 876 3635 1008 3690; x_wconf 80' lang='lat' dir='ltr'><strong>excelso:</strong></span> <span class='ocrx_word' id='word_1_261' title='bbox 1029 3642 1059 3691; x_wconf 89' lang='lat' dir='ltr'><strong>et</strong></span> <span class='ocrx_word' id='word_1_262' title='bbox 1076 3637 1191 3708; x_wconf 87' lang='lat' dir='ltr'><strong>pridem</strong></span> <span class='ocrx_word' id='word_1_263' title='bbox 1209 3635 1404 3691; x_wconf 89' lang='lat' dir='ltr'><strong>desideratam</strong></span> <span class='ocrx_word' id='word_1_264' title='bbox 1429 3635 1538 3708; x_wconf 91' lang='lat' dir='ltr'><strong>diuque</strong></span> <span class='ocrx_word' id='word_1_265' title='bbox 1556 3638 1685 3707; x_wconf 77' lang='lat' dir='ltr'><strong>postula</strong></span> 
     </span>
     <span class='ocr_line' id='line_1_30' title="bbox 634 3719 1686 3792; baseline 0.003 -19"><span class='ocrx_word' id='word_1_266' title='bbox 634 3724 696 3773; x_wconf 88' lang='lat' dir='ltr'><strong>tam</strong></span> <span class='ocrx_word' id='word_1_267' title='bbox 722 3719 870 3790; x_wconf 88' lang='lat' dir='ltr'><strong>recipietis</strong></span> <span class='ocrx_word' id='word_1_268' title='bbox 898 3720 1133 3775; x_wconf 84' lang='lat' dir='ltr'><strong>consolationem.</strong></span> <span class='ocrx_word' id='word_1_269' title='bbox 1177 3719 1320 3775; x_wconf 88' lang='lat' dir='ltr'><strong>Dominus</strong></span> <span class='ocrx_word' id='word_1_270' title='bbox 1346 3738 1471 3790; x_wconf 85' lang='lat' dir='ltr'><strong>namquo</strong></span> <span class='ocrx_word' id='word_1_271' title='bbox 1497 3737 1573 3791; x_wconf 90' lang='lat' dir='ltr'><strong>papa</strong></span> <span class='ocrx_word' id='word_1_272' title='bbox 1598 3739 1686 3792; x_wconf 90' lang='lat' dir='ltr'><strong>super</strong></span> 
     </span>
     <span class='ocr_line' id='line_1_31' title="bbox 635 3803 1686 3877; baseline 0.005 -21"><span class='ocrx_word' id='word_1_273' title='bbox 635 3803 753 3874; x_wconf 88' lang='lat' dir='ltr'><strong>negotio</strong></span> <span class='ocrx_word' id='word_1_274' title='bbox 770 3809 870 3858; x_wconf 90' lang='lat' dir='ltr'><strong>nostro</strong></span> <span class='ocrx_word' id='word_1_275' title='bbox 888 3821 955 3857; x_wconf 91' lang='lat' dir='ltr'><strong>cum</strong></span> <span class='ocrx_word' id='word_1_276' title='bbox 974 3804 1169 3859; x_wconf 85' lang='lat' dir='ltr'><strong>cardinalibus</strong></span> <span class='ocrx_word' id='word_1_277' title='bbox 1188 3804 1369 3869; x_wconf 82' lang='lat' dir='ltr'><strong>deliberavit,</strong></span> <span class='ocrx_word' id='word_1_278' title='bbox 1390 3811 1419 3859; x_wconf 89' lang='lat' dir='ltr'><strong>ct</strong></span> <span class='ocrx_word' id='word_1_279' title='bbox 1437 3804 1609 3877; x_wconf 87' lang='lat' dir='ltr'><strong>quidnobis</strong></span> <span class='ocrx_word' id='word_1_280' title='bbox 1628 3807 1686 3861; x_wconf 83' lang='lat' dir='ltr'><strong>fac·</strong></span> 
     </span>
     <span class='ocr_line' id='line_1_32' title="bbox 634 3887 1687 3962; baseline 0.005 -21"><span class='ocrx_word' id='word_1_281' title='bbox 634 3894 719 3941; x_wconf 89' lang='lat' dir='ltr'><strong>turus</strong></span> <span class='ocrx_word' id='word_1_282' title='bbox 739 3887 828 3942; x_wconf 82' lang='lat' dir='ltr'><strong>fucrit</strong></span> <span class='ocrx_word' id='word_1_283' title='bbox 845 3887 1062 3959; x_wconf 72' lang='lat' dir='ltr'><strong>praeordinavit,</strong></span> <span class='ocrx_word' id='word_1_284' title='bbox 1082 3890 1181 3944; x_wconf 85' lang='lat' dir='ltr'><strong>volens</strong></span> <span class='ocrx_word' id='word_1_285' title='bbox 1199 3888 1339 3945; x_wconf 86' lang='lat' dir='ltr'><strong>videlicet</strong></span> <span class='ocrx_word' id='word_1_286' title='bbox 1356 3887 1466 3944; x_wconf 90' lang='lat' dir='ltr'><strong>domini</strong></span> <span class='ocrx_word' id='word_1_287' title='bbox 1484 3888 1596 3944; x_wconf 87' lang='lat' dir='ltr'><strong>Urbani</strong></span> <span class='ocrx_word' id='word_1_288' title='bbox 1614 3909 1687 3962; x_wconf 72' lang='lat' dir='ltr'><strong>pria-</strong></span> 
     </span>
     <span class='ocr_line' id='line_1_33' title="bbox 636 3970 1687 4043; baseline 0.007 -19"><span class='ocrx_word' id='word_1_289' title='bbox 636 3970 797 4026; x_wconf 89' lang='lat' dir='ltr'><strong>decessoris</strong></span> <span class='ocrx_word' id='word_1_290' title='bbox 817 3971 862 4025; x_wconf 91' lang='lat' dir='ltr'><strong>sui</strong></span> <span class='ocrx_word' id='word_1_291' title='bbox 881 3972 1017 4042; x_wconf 83' lang='lat' dir='ltr'><strong>vestigiis</strong></span> <span class='ocrx_word' id='word_1_292' title='bbox 1036 3973 1188 4037; x_wconf 63' lang='lat' dir='ltr'><strong>inhaerere,</strong></span> <span class='ocrx_word' id='word_1_293' title='bbox 1209 3978 1240 4028; x_wconf 92' lang='lat' dir='ltr'><strong>et</strong></span> <span class='ocrx_word' id='word_1_294' title='bbox 1263 3991 1329 4043; x_wconf 80' lang='lat' dir='ltr'><strong>quas</strong></span> <span class='ocrx_word' id='word_1_295' title='bbox 1347 3972 1430 4028; x_wconf 90' lang='lat' dir='ltr'><strong>nobis</strong></span> <span class='ocrx_word' id='word_1_296' title='bbox 1449 3978 1515 4028; x_wconf 86' lang='lat' dir='ltr'><strong>ante</strong></span> <span class='ocrx_word' id='word_1_297' title='bbox 1534 3973 1687 4031; x_wconf 87' lang='lat' dir='ltr'><strong>decessum</strong></span> 
     </span>
     <span class='ocr_line' id='line_1_34' title="bbox 636 4054 1688 4129; baseline 0.004 -19"><span class='ocrx_word' id='word_1_298' title='bbox 636 4073 722 4110; x_wconf 90' lang='lat' dir='ltr'><strong>suum</strong></span> <span class='ocrx_word' id='word_1_299' title='bbox 740 4054 903 4110; x_wconf 90' lang='lat' dir='ltr'><strong>indulserat</strong></span> <span class='ocrx_word' id='word_1_300' title='bbox 922 4055 1069 4111; x_wconf 83' lang='lat' dir='ltr'><strong>innovare.</strong></span> <span class='ocrx_word' id='word_1_301' title='bbox 1109 4055 1221 4125; x_wconf 77' lang='lat' dir='ltr'><strong>Quibus</strong></span> <span class='ocrx_word' id='word_1_302' title='bbox 1242 4055 1460 4122; x_wconf 88' lang='lat' dir='ltr'><strong>consummatis,</strong></span> <span class='ocrx_word' id='word_1_303' title='bbox 1486 4075 1540 4129; x_wconf 88' lang='lat' dir='ltr'><strong>per</strong></span> <span class='ocrx_word' id='word_1_304' title='bbox 1558 4057 1688 4129; x_wconf 90' lang='lat' dir='ltr'><strong>aliquem</strong></span> 
     </span>
     <span class='ocr_line' id='line_1_35' title="bbox 637 4139 1688 4206; baseline 0.005 -12"><span class='ocrx_word' id='word_1_305' title='bbox 637 4141 758 4194; x_wconf 85' lang='lat' dir='ltr'><strong>fortusse</strong></span> <span class='ocrx_word' id='word_1_306' title='bbox 777 4139 813 4193; x_wconf 88' lang='lat' dir='ltr'><strong>de</strong></span> <span class='ocrx_word' id='word_1_307' title='bbox 832 4139 971 4194; x_wconf 85' lang='lat' dir='ltr'><strong>fratribus</strong></span> <span class='ocrx_word' id='word_1_308' title='bbox 990 4140 1099 4196; x_wconf 88' lang='lat' dir='ltr'><strong>nostris</strong></span> <span class='ocrx_word' id='word_1_309' title='bbox 1117 4141 1156 4196; x_wconf 88' lang='lat' dir='ltr'><strong>ad</strong></span> <span class='ocrx_word' id='word_1_310' title='bbox 1172 4160 1225 4196; x_wconf 79' lang='lat' dir='ltr'><strong>vos</strong></span> <span class='ocrx_word' id='word_1_311' title='bbox 1244 4141 1476 4206; x_wconf 84' lang='lat' dir='ltr'><strong>destinabantur,</strong></span> <span class='ocrx_word' id='word_1_312' title='bbox 1491 4147 1524 4196; x_wconf 90' lang='lat' dir='ltr'><strong>ut</strong></span> <span class='ocrx_word' id='word_1_313' title='bbox 1541 4160 1594 4197; x_wconf 85' lang='lat' dir='ltr'><strong>vos</strong></span> <span class='ocrx_word' id='word_1_314' title='bbox 1613 4143 1688 4199; x_wconf 79' lang='lat' dir='ltr'><strong>vives</strong></span> 
     </span>
     <span class='ocr_line' id='line_1_36' title="bbox 636 4224 1687 4297; baseline 0.005 -17"><span class='ocrx_word' id='word_1_315' title='bbox 636 4226 716 4280; x_wconf 79' lang='lat' dir='ltr'><strong>vocis</strong></span> <span class='ocrx_word' id='word_1_316' title='bbox 734 4224 879 4296; x_wconf 90' lang='lat' dir='ltr'><strong>colloquio</strong></span> <span class='ocrx_word' id='word_1_317' title='bbox 896 4224 1012 4295; x_wconf 90' lang='lat' dir='ltr'><strong>plenius</strong></span> <span class='ocrx_word' id='word_1_318' title='bbox 1030 4226 1123 4297; x_wconf 85' lang='lat' dir='ltr'><strong>possit</strong></span> <span class='ocrx_word' id='word_1_319' title='bbox 1141 4225 1294 4291; x_wconf 88' lang='lat' dir='ltr'><strong>consolari,</strong></span> <span class='ocrx_word' id='word_1_320' title='bbox 1309 4233 1339 4281; x_wconf 90' lang='lat' dir='ltr'><strong>et</strong></span> <span class='ocrx_word' id='word_1_321' title='bbox 1357 4227 1393 4281; x_wconf 87' lang='lat' dir='ltr'><strong>de</strong></span> <span class='ocrx_word' id='word_1_322' title='bbox 1412 4232 1489 4282; x_wconf 84' lang='lat' dir='ltr'><strong>statu</strong></span> <span class='ocrx_word' id='word_1_323' title='bbox 1507 4234 1607 4284; x_wconf 89' lang='lat' dir='ltr'><strong>nostro</strong></span> <span class='ocrx_word' id='word_1_324' title='bbox 1625 4247 1687 4284; x_wconf 89' lang='lat' dir='ltr'><strong>cer-</strong></span> 
     </span>
     <span class='ocr_line' id='line_1_37' title="bbox 637 4309 1688 4382; baseline 0.005 -17"><span class='ocrx_word' id='word_1_325' title='bbox 637 4311 754 4365; x_wconf 89' lang='lat' dir='ltr'><strong>tiorare.</strong></span> <span class='ocrx_word' id='word_1_326' title='bbox 785 4309 852 4365; x_wconf 92' lang='lat' dir='ltr'><strong>Non</strong></span> <span class='ocrx_word' id='word_1_327' title='bbox 864 4328 916 4364; x_wconf 77' lang='lat' dir='ltr'><strong>vos</strong></span> <span class='ocrx_word' id='word_1_328' title='bbox 932 4310 1098 4382; x_wconf 90' lang='lat' dir='ltr'><strong>aliquorum</strong></span> <span class='ocrx_word' id='word_1_329' title='bbox 1116 4310 1314 4366; x_wconf 84' lang='lat' dir='ltr'><strong>blandimenta</strong></span> <span class='ocrx_word' id='word_1_330' title='bbox 1331 4310 1480 4377; x_wconf 90' lang='lat' dir='ltr'><strong>seducant,</strong></span> <span class='ocrx_word' id='word_1_331' title='bbox 1494 4311 1542 4368; x_wconf 84' lang='lat' dir='ltr'><strong>vel</strong></span> <span class='ocrx_word' id='word_1_332' title='bbox 1559 4317 1688 4370; x_wconf 88' lang='lat' dir='ltr'><strong>terrores</strong></span> 
     </span>
     <span class='ocr_line' id='line_1_38' title="bbox 637 4393 1688 4467; baseline 0.006 -18"><span class='ocrx_word' id='word_1_333' title='bbox 637 4395 802 4467; x_wconf 91' lang='lat' dir='ltr'><strong>principum</strong></span> <span class='ocrx_word' id='word_1_334' title='bbox 821 4393 996 4459; x_wconf 88' lang='lat' dir='ltr'><strong>concutiunt,</strong></span> <span class='ocrx_word' id='word_1_335' title='bbox 1016 4395 1068 4451; x_wconf 90' lang='lat' dir='ltr'><strong>sed</strong></span> <span class='ocrx_word' id='word_1_336' title='bbox 1086 4414 1166 4450; x_wconf 91' lang='lat' dir='ltr'><strong>more</strong></span> <span class='ocrx_word' id='word_1_337' title='bbox 1191 4396 1277 4453; x_wconf 91' lang='lat' dir='ltr'><strong>sol&#39;to</strong></span> <span class='ocrx_word' id='word_1_338' title='bbox 1301 4402 1466 4452; x_wconf 87' lang='lat' dir='ltr'><strong>constantes</strong></span> <span class='ocrx_word' id='word_1_339' title='bbox 1484 4405 1577 4453; x_wconf 89' lang='lat' dir='ltr'><strong>estote</strong></span> <span class='ocrx_word' id='word_1_340' title='bbox 1596 4405 1626 4455; x_wconf 90' lang='lat' dir='ltr'><strong>ct</strong></span> <span class='ocrx_word' id='word_1_341' title='bbox 1643 4418 1688 4454; x_wconf 90' lang='lat' dir='ltr'><strong>ro-</strong></span> 
     </span>
     <span class='ocr_line' id='line_1_39' title="bbox 636 4479 1687 4552; baseline 0.006 -19"><span class='ocrx_word' id='word_1_342' title='bbox 636 4480 725 4545; x_wconf 88' lang='lat' dir='ltr'><strong>busti,</strong></span> <span class='ocrx_word' id='word_1_343' title='bbox 746 4479 816 4552; x_wconf 91' lang='lat' dir='ltr'><strong>quia</strong></span> <span class='ocrx_word' id='word_1_344' title='bbox 842 4479 939 4535; x_wconf 89' lang='lat' dir='ltr'><strong>securi</strong></span> <span class='ocrx_word' id='word_1_345' title='bbox 965 4487 1068 4546; x_wconf 89' lang='lat' dir='ltr'><strong>estote,</strong></span> <span class='ocrx_word' id='word_1_346' title='bbox 1089 4480 1158 4552; x_wconf 90' lang='lat' dir='ltr'><strong>quia</strong></span> <span class='ocrx_word' id='word_1_347' title='bbox 1182 4500 1240 4536; x_wconf 93' lang='lat' dir='ltr'><strong>non</strong></span> <span class='ocrx_word' id='word_1_348' title='bbox 1265 4480 1434 4552; x_wconf 69' lang='lat' dir='ltr'><strong>praevalebit</strong></span> <span class='ocrx_word' id='word_1_349' title='bbox 1461 4481 1619 4539; x_wconf 83' lang='lat' dir='ltr'><strong>adversum</strong></span> <span class='ocrx_word' id='word_1_350' title='bbox 1636 4502 1687 4541; x_wconf 76' lang='lat' dir='ltr'><strong>vos</strong></span> 
     </span>
    </p>
   </div>
   <div class='ocr_carea' id='block_1_5' title="bbox 636 4564 1301 4637">
    <p class='ocr_par' dir='ltr' id='par_1_5' title="bbox 636 4564 1301 4637">
     <span class='ocr_line' id='line_1_40' title="bbox 636 4564 1301 4637; baseline 0.002 -18"><span class='ocrx_word' id='word_1_351' title='bbox 636 4565 730 4620; x_wconf 90' lang='lat' dir='ltr'><strong>homo.</strong></span> <span class='ocrx_word' id='word_1_352' title='bbox 767 4565 848 4620; x_wconf 89' lang='lat' dir='ltr'><strong>Bene</strong></span> <span class='ocrx_word' id='word_1_353' title='bbox 866 4564 971 4631; x_wconf 87' lang='lat' dir='ltr'><strong>valete,</strong></span> <span class='ocrx_word' id='word_1_354' title='bbox 992 4572 1023 4622; x_wconf 92' lang='lat' dir='ltr'><strong>et</strong></span> <span class='ocrx_word' id='word_1_355' title='bbox 1040 4571 1120 4621; x_wconf 89' lang='lat' dir='ltr'><strong>orate</strong></span> <span class='ocrx_word' id='word_1_356' title='bbox 1139 4584 1192 4637; x_wconf 90' lang='lat' dir='ltr'><strong>pro</strong></span> <span class='ocrx_word' id='word_1_357' title='bbox 1210 4565 1301 4622; x_wconf 88' lang='lat' dir='ltr'><strong>uobis.</strong></span> 
     </span>
    </p>
   </div>
   <div class='ocr_carea' id='block_1_6' title="bbox 468 4792 1676 4904">
    <p class='ocr_par' dir='ltr' id='par_1_6' title="bbox 468 4792 1676 4904">
     <span class='ocr_line' id='line_1_41' title="bbox 468 4792 1676 4904; baseline 0.008 -57"><span class='ocrx_word' id='word_1_358' title='bbox 468 4801 616 4904; x_wconf 33' lang='lat' dir='ltr'><strong>effipia.</strong></span> <span class='ocrx_word' id='word_1_359' title='bbox 646 4792 780 4850; x_wconf 83' lang='lat' dir='ltr'>OXGVI.</span> <span class='ocrx_word' id='word_1_360' title='bbox 817 4794 966 4850; x_wconf 77' lang='lat' dir='ltr'><strong>Gannasco</strong></span> <span class='ocrx_word' id='word_1_361' title='bbox 986 4808 1133 4851; x_wconf 82' lang='lat' dir='ltr'><strong>surrsrom</strong></span> <span class='ocrx_word' id='word_1_362' title='bbox 1148 4795 1297 4853; x_wconf 75' lang='lat' dir='ltr'><strong>Macrsrsn</strong></span> <span class='ocrx_word' id='word_1_363' title='bbox 1316 4797 1496 4855; x_wconf 70' lang='lat' dir='ltr'><strong>Encaustus</strong></span> <span class='ocrx_word' id='word_1_364' title='bbox 1515 4812 1676 4857; x_wconf 84' lang='lat' dir='ltr'><strong>uouacaos.</strong></span> 
     </span>
    </p>
   </div>
   <div class='ocr_carea' id='block_1_7' title="bbox 636 4927 1686 5174">
    <p class='ocr_par' dir='ltr' id='par_1_7' title="bbox 636 4927 1686 5174">
     <span class='ocr_line' id='line_1_42' title="bbox 670 4927 1685 5000; baseline 0.008 -18"><span class='ocrx_word' id='word_1_365' title='bbox 670 4927 823 4984; x_wconf 90' lang='lat' dir='ltr'><strong>Multoties</strong></span> <span class='ocrx_word' id='word_1_366' title='bbox 849 4930 994 4984; x_wconf 87' lang='lat' dir='ltr'><strong>calamum</strong></span> <span class='ocrx_word' id='word_1_367' title='bbox 1012 4929 1133 5000; x_wconf 85' lang='lat' dir='ltr'><strong>arripui,</strong></span> <span class='ocrx_word' id='word_1_368' title='bbox 1162 4931 1321 4996; x_wconf 88' lang='lat' dir='ltr'><strong>multoties,</strong></span> <span class='ocrx_word' id='word_1_369' title='bbox 1348 4939 1382 4987; x_wconf 88' lang='lat' dir='ltr'><strong>ut</strong></span> <span class='ocrx_word' id='word_1_370' title='bbox 1408 4933 1490 4990; x_wconf 86' lang='lat' dir='ltr'><strong>vobis</strong></span> <span class='ocrx_word' id='word_1_371' title='bbox 1518 4934 1685 4999; x_wconf 90' lang='lat' dir='ltr'><strong>scriberem,</strong></span> 
     </span>
     <span class='ocr_line' id='line_1_43' title="bbox 636 5016 1685 5087; baseline 0.009 -21"><span class='ocrx_word' id='word_1_372' title='bbox 636 5019 746 5068; x_wconf 88' lang='lat' dir='ltr'><strong>cartam</strong></span> <span class='ocrx_word' id='word_1_373' title='bbox 773 5019 804 5071; x_wconf 90' lang='lat' dir='ltr'><strong>ot</strong></span> <span class='ocrx_word' id='word_1_374' title='bbox 831 5021 1026 5070; x_wconf 86' lang='lat' dir='ltr'><strong>atramentum</strong></span> <span class='ocrx_word' id='word_1_375' title='bbox 1053 5016 1198 5087; x_wconf 85' lang='lat' dir='ltr'><strong>adaptavi,</strong></span> <span class='ocrx_word' id='word_1_376' title='bbox 1229 5022 1258 5072; x_wconf 91' lang='lat' dir='ltr'><strong>et</strong></span> <span class='ocrx_word' id='word_1_377' title='bbox 1284 5018 1408 5073; x_wconf 85' lang='lat' dir='ltr'><strong>fortasse</strong></span> <span class='ocrx_word' id='word_1_378' title='bbox 1436 5019 1473 5073; x_wconf 91' lang='lat' dir='ltr'><strong>do</strong></span> <span class='ocrx_word' id='word_1_379' title='bbox 1497 5037 1549 5073; x_wconf 90' lang='lat' dir='ltr'><strong>nos</strong></span> <span class='ocrx_word' id='word_1_380' title='bbox 1576 5021 1685 5076; x_wconf 70' lang='lat' dir='ltr'><strong>confin-</strong></span> 
     </span>
     <span class='ocr_line' id='line_1_44' title="bbox 637 5097 1686 5174; baseline 0.006 -22"><span class='ocrx_word' id='word_1_381' title='bbox 637 5097 773 5168; x_wconf 87' lang='lat' dir='ltr'><strong>gentibus</strong></span> <span class='ocrx_word' id='word_1_382' title='bbox 792 5097 891 5169; x_wconf 89' lang='lat' dir='ltr'><strong>aliqua</strong></span> <span class='ocrx_word' id='word_1_383' title='bbox 909 5105 1015 5157; x_wconf 73' lang='lat' dir='ltr'><strong>resti-as</strong></span> <span class='ocrx_word' id='word_1_384' title='bbox 1033 5099 1195 5158; x_wconf 87' lang='lat' dir='ltr'><strong>sinceritati</strong></span> <span class='ocrx_word' id='word_1_385' title='bbox 1214 5101 1387 5174; x_wconf 86' lang='lat' dir='ltr'><strong>plerumque</strong></span> <span class='ocrx_word' id='word_1_386' title='bbox 1413 5102 1607 5170; x_wconf 75' lang='lat' dir='ltr'><strong>dormiassam,</strong></span> <span class='ocrx_word' id='word_1_387' title='bbox 1630 5104 1686 5159; x_wconf 91' lang='lat' dir='ltr'><strong>nisi</strong></span> 
     </span>
    </p>
   </div>
   <div class='ocr_carea' id='block_1_8' title="bbox 0 0 2126 6388">
    <p class='ocr_par' dir='ltr' id='par_1_8' title="bbox 0 0 2126 6388">
     <span class='ocr_line' id='line_1_45' title="bbox 0 0 2126 6388; baseline 0 0"><span class='ocrx_word' id='word_1_388' title='bbox 0 0 2126 6388; x_wconf 95' lang='lat' dir='ltr'><strong> </strong></span> 
     </span>
    </p>
   </div>
  </div>
 </body>
</html>
