4192 6392
620 1164 686 1228 442
777 1220 780 1229 .
903 1178 1075 1228 srrsvonn
1098 1176 1388 1241 canruanmusss,

467 1358 589 1403 mlloe.
619 1351 790 1416 reverende,
811 1358 840 1406 et
858 1353 925 1407 aliis
944 1369 1009 1423 quse
1028 1352 1065 1405 ob
1092 1351 1288 1406 reverentiam
1307 1351 1418 1408 domini
1437 1359 1467 1408 et
1484 1355 1562 1425 patri
1580 1358 1681 1413 nostri

476 1409 581 1513 gfflg
620 1435 839 1490 cantuariensis
878 1434 1089 1508 archiepiscopi
1120 1436 1157 1490 ad
1186 1453 1315 1508 praesens
1351 1439 1500 1495 noluimus
1535 1444 1681 1512 presenti

451 1526 607 1578 uneyreeom·
620 1520 730 1589 scripto
755 1519 896 1584 inserere,
916 1520 1107 1591 presentium
1133 1521 1243 1575 latores
1271 1522 1377 1577 fratres
1395 1528 1509 1578 nostros
1528 1524 1566 1578 ad
1584 1527 1679 1596 pedes

450 1576 574 1670 mlii,
619 1603 781 1658 sanctitatis
810 1609 917 1658 vestrae
947 1603 1116 1674 dirigimus,
1149 1604 1347 1676 supplicantes
1377 1613 1520 1677 qnatenus
1556 1607 1615 1664 Dei
1648 1616 1680 1665 et

451 1677 565 1730 “mmm
618 1688 757 1758 martyris
785 1687 839 1742 Sui
864 1687 984 1751 intuitu,
1011 1706 1113 1742 aurem
1132 1693 1162 1742 et
1187 1689 1318 1743 animum
1345 1690 1444 1746 velitis
1471 1690 1625 1757 inclinare,
1647 1701 1679 1751 et

618 1771 822 1828 Cantuariensi
851 1772 984 1826 ecelesiae
1008 1773 1071 1843 jem
1099 1774 1162 1827 fere
1181 1773 1213 1827 in
1232 1775 1372 1828 extremis
1391 1776 1500 1845 agenti,
1521 1794 1580 1847 quo
1599 1795 1677 1848 pras·

617 1856 722 1910 valetis
749 1855 887 1925 potentiss
912 1855 1032 1911 brachio
1064 1856 1232 1921 subvenire,
1259 1858 1385 1912 seientes
1410 1876 1464 1930 pro
1489 1866 1569 1914 certe
1595 1863 1679 1931 quod

618 1940 643 1993 si
662 1956 747 1994 secus
766 1937 898 2009 egeritis,
918 1945 949 1995 et
972 1939 1061 1995 simul
1086 1946 1116 1996 et
1141 1941 1232 1995 semel
1257 1946 1319 1996 tota
1336 1949 1463 2007 corruet,
1483 1949 1513 1998 et
1530 1944 1596 2014 ejus
1617 1946 1677 2001 sibi

617 2023 765 2077 subtracto
782 2022 952 2092 patrocinio,
972 2022 1232 2094 irrecuperabilem
1250 2024 1367 2079 decidet
1384 2024 1416 2079 in
1433 2026 1558 2093 ruinam,
1585 2029 1675 2100 eujus

617 2124 653 2162 ex
670 2105 833 2161 visceribus
854 2105 979 2177 primam
998 2106 1163 2162 dinoscitur
1181 2107 1299 2162 duxisse
1318 2108 1473 2180 originem.

802 2257 841 2311 In
859 2256 979 2314 eundem
997 2257 1112 2313 enodem
1131 2257 1259 2313 omnibus
1279 2258 1485 2315 cardinalibus.

482 2540 573 2594 stuta
652 2535 893 2593 GOOGLXXIX.
931 2535 1021 2600 Pars,
1041 2550 1079 2590 na
1097 2535 1275 2590 Fsvnssusu
1293 2551 1327 2590 nv
1347 2536 1454 2593 sinen
1471 2536 1637 2594 Aveusrnu

886 2636 921 2675 nr
940 2619 1047 2676 Sanun
1066 2620 1211 2676 Gsssonu
1230 2636 1389 2676 amovimus.

447 2778 562 2832 unopopa
653 2775 841 2831 Innocentius
860 2775 1025 2846 episeopus,
1045 2778 1106 2840 etc,
1127 2775 1244 2830 dilectis
1264 2775 1333 2831 filiis
1361 2775 1398 2830 de
1416 2776 1622 2843 Pervorsham,
1644 2783 1675 2834 et

446 2841 600 2932 ‘iffi'f'ifflof
618 2859 718 2915 Sancti
735 2860 907 2930 Augustini,
928 2863 958 2913 et
976 2858 1077 2914 Sancti
1096 2858 1233 2929 Gregorii
1251 2860 1409 2930 prioribus,
1423 2861 1455 2915 in
1467 2861 1676 2919 Oantuariensi

447 2929 592 3025 {ffflffl
616 2942 727 2998 diocesi
745 2943 922 3008 constitutis,
942 2943 1069 2998 salutem
1087 2947 1117 2997 et
1135 2944 1323 3015 apostolicam
1340 2945 1583 3001 benedictionem.
1623 2947 1675 3004 Sic

447 2994 599 3101 anem?
616 3027 777 3096 apostoliea
794 3027 878 3083 sedes
897 3027 974 3081 inter
993 3028 1100 3081 fratres
1125 3034 1155 3081 et
1173 3028 1361 3100 coepiscopos
1379 3035 1495 3084 nostros
1513 3032 1673 3100 pastoralis

446 3082 598 3177 eim?
616 3110 797 3181 dispensavit
818 3110 915 3165 oneris
934 3110 1138 3181 quantitatem,
1161 3111 1204 3166 sic
1223 3129 1272 3166 eos
1291 3112 1322 3166 in
1340 3112 1460 3168 creditae
1478 3113 1536 3167 sibi
1561 3114 1672 3170 solliei-

445 3183 511 3235 Μ’
615 3194 726 3249 tudinis
753 3200 867 3264 partem
893 3194 1062 3264 assumpsit,
1088 3199 1123 3248 ut
1148 3194 1206 3249 sibi
1232 3195 1307 3250 nihil
1334 3196 1488 3252 subtrahat
1513 3197 1549 3252 de
1576 3198 1672 3269 pleni·

614 3277 716 3333 tudina
743 3278 907 3349 potestatis,
936 3278 1093 3350 queminus
1119 3277 1156 3332 de
1182 3278 1309 3349 singulis
1337 3280 1434 3335 causis
1462 3281 1673 3339 ecclesiasticis

615 3363 764 3433 inquirere
795 3363 900 3433 possit,
926 3367 957 3416 et
991 3379 1059 3416 cum
1089 3362 1218 3419 voluerit
1244 3363 1388 3433 judicare,
1420 3364 1456 3419 ad
1485 3383 1672 3420 communem

613 3447 742 3501 omnium
769 3447 929 3501 utilitatem
956 3446 1148 3509 constituens,
1169 3454 1203 3501 ut
1227 3448 1264 3502 ad
1283 3466 1348 3502 eum
1373 3456 1513 3520 tanquam
1538 3451 1672 3507 omnium

613 3537 736 3585 matrem
756 3535 785 3584 et
804 3529 954 3599 singulare
974 3528 1106 3583 fidelium
1125 3529 1236 3584 Christi
1256 3532 1405 3601 refugium
1424 3533 1596 3604 appelletur,
1618 3553 1671 3605 per

614 3614 690 3684 quod
703 3622 733 3669 et
750 3614 898 3667 minorum
916 3613 1037 3668 tollatur
1051 3615 1211 3683 oppressio
1228 3622 1257 3669 et
1274 3617 1459 3686 superiorum
1478 3621 1671 3690 praesumptio

613 3700 795 3751 refrenetur.
835 3697 910 3751 Cum
936 3697 1036 3765 itaque
1062 3697 1305 3767 appellationibus
1331 3717 1396 3769 qum
1422 3700 1459 3754 nd
1484 3701 1583 3755 sedem
1602 3721 1671 3773 apo·

614 3782 746 3836 stolicnm
765 3782 991 3851 interponuntur
1018 3781 1135 3851 smpius,
1156 3782 1282 3836 velimus
1309 3783 1344 3835 ab
1363 3784 1499 3838 omnibus
1516 3786 1670 3842 humiliter

614 3884 646 3920 ec
673 3866 776 3919 devote
805 3865 923 3927 deferri,
953 3864 1124 3918 discretioni
1153 3872 1258 3919 vestrm
1288 3884 1341 3936 per
1372 3868 1532 3937 apostolica
1559 3872 1671 3942 scripta

445 3957 564 4000 toinhitit
613 3950 794 4013 mandemus
814 3954 845 4002 et
865 3948 999 4003 districte
1027 3949 1226 4019 praecipimus,
1247 3959 1391 4020 quatenus
1411 3969 1445 4005 ex
1466 3959 1548 4023 parte
1568 3963 1670 4012 nostra

443 4009 601 4110 {nmiffifflffie
615 4035 724 4087 curetis
751 4033 856 4087 fortius
884 4033 1026 4096 inhibere,
1047 4050 1084 4086 ne
1111 4033 1176 4103 quis
1204 4034 1235 4087 in
1253 4033 1494 4089 Osntuuriensem
1514 4038 1669 4094 ecclesium

443 4111 572 4202 0sl¹9<3¹¹t150
615 4125 645 4172 et
663 4119 785 4172 dilectos
804 4118 910 4171 fratres
929 4124 1044 4172 nostros
1064 4118 1192 4188 priorem
1211 4125 1241 4172 et
1259 4119 1414 4174 monachos
1432 4120 1668 4190 cantuarienses,

445 4172 595 4272 &iiiiii
615 4208 680 4273 post
698 4201 923 4272 appellationem
951 4200 988 4254 ud
1006 4218 1059 4255 nos
1081 4201 1214 4272 legitime
1234 4202 1446 4273 interpositam,
1473 4210 1670 4263 excommuni-

443 4261 595 4363 fflft‘iissi'
614 4286 746 4349 cationis,
785 4284 995 4355 suspensionis,
1031 4285 1094 4338 sive
1132 4285 1291 4349 interdicti,
1331 4287 1505 4342 sententiam
1535 4291 1669 4360 proferre

445 4366 570 4455 ‘'‘ffll'ffiipo
613 4376 780 4441 praesumat.
820 4368 852 4423 Si
880 4368 947 4439 quis
971 4387 1041 4422 vero
1068 4374 1169 4424 contra
1194 4372 1424 4440 praesumpserit,
1451 4372 1497 4426 vel
1525 4373 1668 4432 hactenus

487 4445 492 4455 ⁸
571 4440 578 4454 ⁶
614 4456 687 4509 forte
731 4453 928 4524 praesumpsit,
967 4452 1141 4507 sententiam
1187 4454 1251 4522 ejus
1296 4454 1408 4508 nullam
1447 4472 1511 4510 esse
1549 4460 1668 4527 penitus

612 4537 767 4592 nunciatis.
808 4536 840 4591 Si
860 4536 911 4606 qui
930 4535 1018 4589 etiam
1037 4536 1237 4606 possessiones
1257 4554 1359 4591 eorum
1377 4538 1538 4593 invaserint
1556 4542 1668 4599 violen-

611 4630 665 4686 ter,
686 4639 735 4675 eos
763 4620 801 4673 ad
826 4619 1042 4674 restitutionem
1065 4638 1166 4674 earum
1191 4638 1243 4691 per
1262 4639 1416 4676 censuram
1435 4623 1668 4684 ecelesiasticam

612 4706 807 4778 appellatione
833 4704 995 4775 postposita
1012 4704 1212 4774 compelletis;
1239 4705 1329 4760 nullis
1356 4706 1465 4762 litteris
1484 4708 1670 4770 obstantibus

611 4792 734 4846 veritate
761 4789 851 4844 tacita
876 4807 894 4842 a
911 4787 980 4843 sede
1005 4788 1165 4859 apostolica
1189 4790 1363 4860 impetistis.
1403 4791 1487 4859 Quod
1512 4794 1538 4848 si
1566 4814 1669 4855 omnes

611 4877 658 4930 his
677 4872 870 4944 exsequendis
894 4872 1088 4942 nequiveritis
1107 4873 1260 4940 iuteresse,
1281 4877 1338 4930 duo
1356 4883 1490 4932 vestrum
1509 4895 1544 4932 ea
1562 4881 1670 4937 nihilo-

612 4960 708 5014 minus
739 4963 928 5030 exequantur.
975 4956 1084 5010 Datum
1121 4957 1243 5027 Spoleti,
1276 4961 1315 5014 iv.
1348 4979 1438 5016 nones
1473 4963 1670 5034 septimbris,

610 5044 794 5113 pontificatus
813 5042 905 5097 nostri
924 5059 998 5095 anne
1016 5042 1119 5111 primo.
