4192 6392
769 1221 928 1272 rmoan
951 1222 1156 1274 mansurus
1444 1218 1484 1279 19

422 1392 608 1448 audientiam
638 1393 726 1448 credo
753 1396 930 1464 pervenisse,
958 1395 1041 1449 bonae
1072 1396 1281 1451 recordationis
1309 1398 1482 1452 Anselmum
1515 1408 1639 1456 nullst.

424 1476 671 1534 Cantuariensem
707 1479 961 1551 archiepiscopum
999 1479 1125 1535 firmiter
1161 1481 1191 1535 in
1228 1483 1305 1536 votis
1342 1482 1481 1537 habuisse
1494 1475 1651 1579 Εῗξξὲξιξιξῌ

423 1560 582 1617 ecelesiam
612 1562 759 1634 quandam
788 1563 920 1628 fundare,
950 1571 981 1618 et
1010 1564 1040 1617 in
1066 1582 1101 1618 ea
1127 1565 1249 1620 clericos
1277 1567 1307 1620 in
1333 1584 1481 1621 commum

420 1645 570 1711 viventes,
591 1645 647 1701 Dei
672 1647 840 1702 ministerio
866 1646 1017 1716 deputare.
1056 1647 1136 1704 Novi
1168 1667 1284 1720 quoque
1317 1649 1480 1721 gloriosum
1493 1655 1643 1701 andremem·

422 1735 588 1802 martyrem
604 1730 756 1795 Thomum,
777 1731 825 1785 eui
850 1731 1036 1786 familiariter
1054 1739 1124 1786 tunc
1143 1734 1283 1805 temporis
1303 1734 1367 1805 ejus
1386 1735 1480 1789 archi·
1493 1706 1638 1803 ffiffixsl

423 1813 567 1869 diwanus
585 1813 705 1878 adhaesi,
726 1815 803 1869 sieut
821 1832 855 1869 eo
874 1814 988 1869 dicente
1007 1821 1038 1870 et
1056 1832 1172 1870 mecum
1191 1836 1279 1888 super
1296 1818 1351 1873 hoc
1370 1817 1478 1873 delibe·
1492 1809 1620 1901 ssffidw

424 1902 512 1952 rante
524 1897 624 1962 didici,
638 1898 708 1953 totis
728 1897 883 1952 desideriis
897 1898 934 1952 ad
952 1897 984 1952 id
996 1899 1144 1969 egendum
1163 1900 1308 1955 anhelare.
1342 1900 1426 1969 Quod
1443 1919 1480 1956 nc
1492 1872 1638 1969 sameiriten·

424 1980 593 2037 desiderato
619 1981 676 2036 flne
704 1989 921 2037 consummaret
939 1983 1126 2053 triumphalis
1146 1984 1210 2054 ejus
1228 1985 1373 2055 passionis
1391 1986 1481 2040 inter·
1492 1961 1550 2004 ”⁰¹¹⁴

423 2071 534 2120 ventus
562 2065 721 2136 prohibuit.
760 2066 924 2121 Suscitavit
950 2083 1021 2121 vero
1046 2067 1155 2123 nostris
1187 2069 1367 2139 temporibus
1398 2068 1479 2125 Dens

423 2148 628 2205 Balderrinnm
653 2149 894 2205 cantuariensem
922 2150 1183 2222 archiepiscopum,
1209 2153 1479 2224 circumspectionis

423 2239 456 2289 et
483 2234 644 2290 honestatis
671 2235 882 2306 exquisitasque
909 2235 1084 2289 litteraturas
1102 2234 1401 2299 vi1·um,nonsolum
1419 2245 1480 2293 tam
1493 2254 1615 2300 rumh.

424 2317 520 2371 sancti
537 2318 680 2388 propositi
706 2335 913 2382 successorem,
941 2319 993 2373 sed
1018 2326 1048 2373 et
1073 2325 1225 2374 strenuum
1249 2321 1391 2386 futurum,
1416 2305 1626 2409 Deoffl'fflP

423 2402 563 2474 propitio,
577 2409 804 2474 prosecutorem.
832 2402 1030 2474 indulgentius
1043 2421 1169 2475 namque
1182 2410 1288 2459 vestras
1306 2406 1480 2461 auctoritate
1493 2407 1586 2470 cbufflb·
1594 2411 1619 2451 to

424 2485 465 2540 ad
483 2491 544 2541 tam
562 2486 738 2557 praeclarum
757 2504 831 2557 opus
843 2486 1006 2551 roboratus,
1019 2487 1255 2542 vietorlosrssrmr
1271 2507 1386 2560 quoque
1398 2490 1479 2561 regis
1492 2457 1649 2552 ffiffi‘fflffl

423 2570 543 2642 Angliae
555 2570 679 2626 Heariei
698 2570 829 2636 consilio,
850 2571 1068 2642 provinciasque
1092 2571 1183 2626 totius
1203 2573 1416 2644 episcoporum,
1431 2574 1480 2628 ab·
1492 2569 1548 2601 Μ’

423 2654 537 2719 batum,
556 2654 638 2721 cleri,
659 2655 820 2726 populique
844 2655 973 2726 benigno
991 2656 1091 2710 farore
1112 2664 1298 2726 provocatus,
1312 2657 1423 2728 incepit
1434 2675 1480 2713 eo-

424 2738 547 2795 clesiam
567 2738 597 2793 in
618 2739 758 2795 honorem
770 2738 827 2794 Dei
847 2747 877 2795 et
895 2740 974 2794 beati
987 2739 1106 2794 Thomas
1127 2741 1267 2810 martyris
1280 2741 1435 2806 adificare,
1451 2748 1481 2796 et

424 2822 456 2876 in
469 2839 505 2878 ea
516 2823 668 2878 eanonieos
688 2823 863 2894 singulares,
877 2840 935 2877 non
947 2823 985 2877 ad
1004 2823 1095 2877 solius
1110 2821 1329 2878 centuariensis
1348 2824 1480 2878 ecelesia

424 2905 478 2961 sed
496 2905 534 2960 ad
558 2907 644 2977 regni
663 2906 753 2961 totius
772 2905 941 2972 utilitatem,
961 2905 1141 2977 majorisque
1163 2906 1277 2961 consilii
1297 2906 1477 2972 firmitatem,

422 2989 578 3062 proposuit
603 2989 749 3044 ordinare.
793 2989 908 3046 Verum
925 3007 983 3044 non
1008 2989 1118 3045 desinit
1144 2990 1228 3044 bonis
1252 2991 1366 3045 actibus
1392 2996 1479 3047 vetus
1492 3000 1590 3046 Butehs

424 3074 521 3129 hostis
539 3073 683 3140 inridere,
699 3073 750 3145 qui
767 3074 902 3145 proprios
915 3074 991 3129 filios
1011 3072 1127 3129 Sancta
1139 3074 1293 3129 Trinitatis
1313 3074 1479 3129 Cantuarius
1491 3052 1609 3147 &32⁰¹

424 3157 582 3213 monachos
601 3158 744 3214 adversus
765 3163 899 3214 sanctum
912 3157 1043 3223 Domini,
1063 3175 1099 3212 ne
1112 3158 1230 3212 debitus
1243 3158 1271 3212 ei
1289 3159 1381 3213 honor
1399 3159 1478 3214 exhi·
1491 3152 1579 3245 ⁰¹¹¹¹¹⁰h¹3
1587 3165 1626 3207 ⁰1³·

423 3242 553 3307 beretur,
574 3242 681 3315 spiritu
706 3242 901 3312 malignitatis
929 3243 1184 3305 commonacum
1210 3242 1308 3312 potius
1337 3241 1373 3296 de
1395 3241 1479 3296 filiali
1491 3215 1546 3295 did
1546 3217 1610 3296 a¹i¹¹0¹

425 3326 582 3382 dilectione
594 3327 763 3399 celebrique
781 3328 857 3382 tanti
875 3327 969 3397 patris
988 3326 1177 3381 veneratione
1189 3342 1238 3380 eos
1250 3325 1480 3396 impedientibus
1493 3304 1638 3407 {Kfflffl

424 3409 456 3464 in
474 3409 549 3466 faeie
561 3409 700 3466 resistere
713 3410 841 3466 deeeret.
880 3409 922 3464 Hi
931 3409 995 3480 jam
1015 3408 1115 3464 sedem
1134 3408 1324 3479 apostolicam
1342 3409 1480 3464 dicuntur
1493 3405 1576 3449 lieres.

423 3491 542 3558 adiisse,
563 3511 621 3549 non
632 3494 718 3549 modo
737 3494 957 3565 archiepiscopo
973 3512 1026 3548 suo
1040 3492 1092 3548 sed
1111 3498 1141 3547 et
1159 3498 1259 3547 sancto
1277 3493 1401 3564 martyri
1419 3498 1481 3549 toto

423 3576 575 3632 conamine
599 3578 760 3642 obviantes,
787 3596 854 3632 cum
872 3578 947 3631 nihil
975 3579 1005 3631 iu
1033 3576 1239 3647 praejudicium
1259 3576 1480 3632 cantuariensis

423 3660 556 3715 ecclesia>
568 3662 617 3716 vel
636 3662 767 3734 ipsorum
786 3666 914 3717 statuere
933 3662 1089 3726 moliatur;
1110 3661 1247 3731 quoniam
1265 3667 1380 3716 tantum
1397 3679 1480 3731 paro·

423 3743 533 3800 chiales
552 3745 692 3802 ecclesias
711 3764 777 3817 quas
795 3746 833 3801 ad
858 3745 923 3816 ejus
942 3752 1077 3816 spectant
1104 3745 1298 3810 donationem,
1320 3747 1481 3802 secundum

423 3835 553 3883 tenorem
572 3831 714 3901 propositi
740 3837 907 3885 sauctorum
926 3830 1175 3900 praedecessorum
1202 3847 1331 3894 suorum,
1357 3830 1389 3883 in
1406 3849 1480 3901 prse-

421 3911 532 3969 bendas
543 3922 714 3969 convertere
726 3914 880 3986 disposuit,
895 3915 932 3968 ad
945 3933 1015 3969 usus
1028 3914 1201 3968 clericorum
1215 3932 1287 3984 quos
1299 3900 1480 3969 honestiores

423 4003 454 4053 et
470 3997 676 4069 prudentiores
695 4005 725 4054 et
743 3998 781 4054 ad
793 3998 925 4054 ecclesiae
939 3998 1160 4053 Cantauriensis
1173 3998 1348 4067 obsequium
1365 3999 1482 4054 neverit

424 4081 568 4146 utiliores,
582 4083 614 4137 iu
629 4100 664 4138 ea
681 4082 745 4138 Deo
763 4083 931 4154 perenniter
949 4082 1150 4137 militantium.
1185 4082 1312 4136 Proinde
1331 4084 1479 4139 sanctitati
1494 4087 1643 4139 Habentur

422 4171 529 4221 restrae
541 4184 657 4222 summa
675 4168 838 4232 devotione,
858 4173 919 4222 toto
937 4166 1042 4222 mentis
1062 4166 1167 4220 affeetu
1181 4166 1322 4237 supplico,
1337 4174 1481 4237 quatenus
1493 4139 1651 4231 ffiffith‘

423 4250 460 4304 ob
479 4250 535 4305 Dei
554 4252 749 4307 reverentiam
774 4259 804 4306 et
822 4251 944 4322 gloriosi
963 4251 1103 4321 martyris
1124 4268 1211 4320 quem
1229 4251 1310 4304 Deus
1329 4258 1374 4305 tot
1387 4251 1479 4306 virtu-
1494 4240 1642 4332 ffffffiqffi

423 4335 503 4390 tibus
521 4335 701 4401 mirificavit,
720 4336 966 4407 humilitatisque·
976 4353 1050 4389 meae
1081 4335 1228 4406 precibus,
1249 4352 1370 4388 eausam
1388 4334 1482 4389 archi·
1494 4301 1640 4392 ardihlshop,

422 4419 564 4492 episcopi,
585 4421 636 4492 qui
650 4420 776 4492 justitie
795 4426 825 4476 et
842 4419 946 4491 pietati
964 4418 1127 4473 dinoscitur
1147 4419 1241 4483 inniti,
1257 4419 1355 4472 fovere
1368 4420 1482 4474 miseri·

422 4503 551 4558 corditer
564 4509 594 4559 et
605 4522 777 4575 promovere
789 4504 899 4569 velitis,
913 4504 1064 4575 petitionis
1084 4502 1210 4557 illustris
1223 4503 1304 4572 regis
1317 4501 1482 4574 Anglorum

422 4585 557 4651 Henriei,
577 4586 762 4643 devotissimi
780 4587 835 4642 lilii
853 4588 955 4653 vestri,
977 4605 1066 4658 super
1085 4586 1186 4641 eodem
1211 4585 1329 4657 negotio
1347 4605 1405 4642 non
1429 4589 1483 4642 im·

421 4687 578 4736 memores,
602 4688 657 4728 nec
683 4672 784 4727 callidi
811 4672 963 4728 tentatoris
982 4671 1114 4726 versutia
1137 4670 1305 4741 praeraleat,
1327 4672 1483 4742 quominus

370 4776 375 4783 ·
423 4752 539 4810 indulta
557 4754 615 4811 sibi
645 4773 663 4810 a
688 4756 843 4813 sanctitate
861 4762 961 4811 vestra
988 4754 1184 4827 prosequendi
1210 4755 1394 4825 propositum
1419 4772 1483 4825 per·
1550 4772 1553 4781 ·

422 4836 564 4894 missione
583 4839 721 4910 gaudeat.
758 4840 913 4896 Postremo
938 4846 1056 4895 moveat
1079 4839 1218 4909 pietatem
1246 4844 1385 4902 vestram,
1406 4836 1484 4907 quod
1531 4849 1622 4892 roan.

422 4922 453 4976 in
466 4929 547 4978 terra
564 4923 728 4980 nativitatis
746 4943 817 4989 sure,
839 4943 926 4996 quam
945 4942 1005 4979 suar
1024 4922 1174 4994 triumpho
1193 4922 1337 4993 passionis
1356 4921 1484 4974 illustra·
1498 4933 1619 4978 andalae

422 5005 477 5070 vit,
496 5008 624 5079 propria
651 5008 754 5064 domus
782 5009 873 5079 digno
899 5025 1020 5063 munere
1046 5025 1191 5077 nusquam
1217 5004 1349 5069 donatur,
1370 5021 1435 5057 cum
1455 4985 1630 5079 inffissm‘

423 5090 593 5146 novissimis
612 5097 758 5148 terrarum
776 5093 920 5163 partibus,
940 5110 1013 5164 quas
1032 5091 1080 5146 sui
1103 5089 1231 5146 nominis
1250 5106 1322 5143 aura
1340 5088 1475 5159 perflavit
1499 5085 1620 5131 chumhin

1477 5128 1484 5153 5

423 5172 558 5232 eeclesias
576 5174 678 5247 plures
697 5176 727 5231 in
745 5176 838 5247 ipsius
857 5176 999 5234 memoria
1017 5175 1186 5246 specialiter
1203 5173 1365 5244 erigantur.
1499 5136 1622 5231 iniiam

1283 5261 1348 5321 132
