4192 6392
603 1146 667 1218 376
890 1164 1062 1214 nrrsronn
1084 1161 1372 1221 clarummane,

454 1340 574 1385 aenea
604 1334 720 1389 domino
739 1335 871 1390 «Iohanne
889 1336 926 1390 de
948 1337 1054 1392 Sancto
1072 1334 1182 1391 Paulo¹
1201 1333 1343 1390 cardinali
1362 1331 1502 1388 monacho
1520 1335 1550 1386 et
1562 1331 1656 1385 fratre

436 1403 552 1505 iiiffli,
604 1425 711 1484 nostro,
741 1438 808 1475 cum
834 1439 958 1491 quornm
982 1420 1195 1476 communicato
1222 1420 1354 1483 consilio,
1385 1417 1516 1473 ecclesiae
1545 1420 1656 1470 nostrae

437 1503 591 1554 latissimi,
605 1521 670 1574 qure
688 1510 787 1559 vestra
804 1505 924 1576 propria
941 1511 995 1568 est,
1016 1512 1047 1559 et
1065 1522 1180 1576 semper
1199 1505 1264 1568 erit,
1284 1503 1394 1558 intuitu
1411 1501 1466 1556 Dei
1484 1507 1515 1556 et
1531 1498 1656 1570 gloriosi

437 1555 578 1648 iliiln⁰i⁸siiill
603 1589 742 1658 martyris
777 1588 895 1642 Thomas
926 1589 1056 1652 obtentu,
1090 1588 1192 1643 honori
1223 1595 1253 1643 ct
1286 1586 1470 1642 indemnitati
1499 1582 1657 1655 providero

436 1655 592 1759 &¹12ng
604 1673 722 1726 curctis.
765 1673 970 1744 Supplicamus
996 1675 1095 1737 ctiam,
1116 1679 1150 1727 ut
1175 1674 1200 1728 si
1227 1678 1334 1727 vestrm
1361 1669 1530 1726 discretioni
1554 1668 1657 1722 visum

604 1756 694 1811 suerit
712 1756 857 1827 expedire,
878 1757 995 1811 domino
1014 1775 1097 1827 papae
1122 1756 1185 1811 haec
1209 1757 1350 1811 secretius
1378 1753 1547 1815 ostendatis,
1568 1769 1656 1805 excu-

605 1847 683 1894 satos
712 1858 764 1894 nos
783 1840 932 1904 habentes,
954 1841 1032 1912 quod
1050 1840 1133 1895 vobis
1160 1858 1178 1894 a
1201 1841 1294 1894 multo
1319 1845 1449 1910 tempore
1476 1854 1534 1892 non
1561 1835 1656 1905 scrip·

605 1923 706 1987 simus,
727 1941 779 1977 nec
798 1924 855 1995 ipsi
873 1942 956 1996 papa>
974 1925 1091 1980 domino
1114 1930 1213 1979 nostro
1235 1924 1338 1979 saltem
1357 1922 1404 1977 vel
1423 1939 1528 1976 munus
1547 1920 1657 1975 saluta·

604 2007 692 2062 tionis
710 2014 740 2062 ct
756 2009 919 2078 gratiarum
932 2008 1054 2063 actionis
1076 2008 1103 2062 ci
1117 2008 1279 2072 offerentes,
1293 2013 1413 2078 proptor
1430 2003 1657 2075 malignantium

604 2091 736 2155 insidias,
765 2092 815 2162 qui
847 2093 935 2147 etiam
967 2092 1039 2147 benc
1071 2096 1155 2163 gesta
1184 2092 1344 2163 depravare
1377 2093 1599 2151 consueverunt,
1626 2093 1658 2142 et

604 2176 719 2231 modica
736 2183 822 2230 nacta
836 2176 986 2233 occasione
1004 2177 1040 2230 do
1060 2175 1158 2246 porris
1177 2193 1285 2247 magua
1302 2175 1470 2246 loquuntur.
1507 2171 1622 2228 Valcte.

727 2395 895 2451 CCCCXX.
934 2395 1072 2449 Gaurano
1091 2408 1245 2448 caanrrnnr
1264 2392 1428 2447 Gaurainrs
1447 2406 1531 2446 raros

977 2467 980 2475 ’
1011 2479 1249 2534 cirrumrsssis.

438 2612 558 2667 Thepnor
639 2613 764 2668 Domino
795 2612 926 2668 Gerardo
956 2612 1097 2668 cardinali
1128 2611 1249 2666 diacono
1280 2610 1360 2666 tituli
1392 2610 1491 2666 Sancti
1517 2609 1653 2676 Adriani,

437 2665 540 2759 iiiiii&
604 2698 764 2753 Gaulridus
799 2698 881 2769 prior
917 2697 1148 2761 cantuariensis
1186 2701 1234 2750 cto.
1284 2697 1311 2750 A
1348 2695 1510 2750 sanctitatis
1545 2700 1654 2750 vestrae

437 2764 559 2860 fiffid
602 2782 730 2836 noudum
760 2782 892 2853 clapsum
923 2781 1069 2837 credimus
1101 2798 1165 2836 csse
1195 2781 1346 2843 memoria,
1378 2797 1443 2850 quae
1480 2784 1510 2834 et
1545 2785 1655 2850 quanta

437 2869 535 2917 quaml.
603 2866 756 2938 dispendia
767 2885 854 2938 passa
869 2866 909 2920 sit
926 2865 1176 2929 ecclesia'nostra,
1191 2866 1281 2919 immo
1299 2871 1406 2929 vestra,
1422 2863 1652 2928 cantuariensis,

603 2969 656 3020 per
674 2950 901 3005 controversiam
920 2950 996 3004 inter
1014 2948 1218 3003 Baldoirinum
1237 2948 1381 3018 quondum
1400 2947 1654 3021 archiepiscopum

604 3040 634 3088 et
652 3051 713 3097 nos,
734 3034 770 3089 dc
789 3033 903 3104 capella
921 3039 951 3088 et
969 3033 1092 3087 canonio
1117 3032 1169 3086 illa
1187 3032 1222 3087 do
1241 3032 1378 3096 lamhee,
1399 3032 1430 3086 in
1447 3031 1655 3103 praejudicium

437 3126 507 3188 treh-
604 3118 735 3173 coelosiae
753 3125 861 3173 nostrae
886 3123 1004 3181 statuta,
1024 3124 1181 3173 versatam.
1220 3116 1313 3185 Quam
1332 3117 1401 3188 quia
1419 3133 1570 3171 successor
1588 3116 1654 3187 ejus

437 3177 530 3271 iffi&
538 3229 559 3271 1,
604 3201 737 3256 dominus
750 3201 984 3273 archiepiscopus
1003 3201 1176 3256 omnimodis
1193 3218 1396 3256 consummare
1413 3201 1526 3264 nititur,
1539 3201 1572 3254 in
1589 3200 1655 3255 loco

436 3279 555 3372 ffisstffi
604 3285 722 3356 quidem
740 3285 959 3356 periculosiore,
980 3285 1121 3341 hactenus
1146 3285 1182 3340 ad
1201 3284 1404 3340 sustinendum
1425 3301 1476 3355 spe
1493 3302 1569 3340 vana
1585 3302 1653 3357 pro·

436 3378 559 3422 charchor
603 3371 761 3424 missorum
793 3371 857 3440 ejas
888 3370 990 3434 illecti,
1022 3370 1148 3425 ulterius
1185 3371 1340 3424 manifesta
1368 3369 1499 3424 ecclesia
1534 3374 1652 3433 nostrae,

436 3429 557 3474 lanberh.
604 3455 825 3518 immoremur,
847 3472 882 3508 ex
909 3455 990 3508 illius
1018 3455 1114 3526 operis
1133 3455 1317 3526 processione
1342 3454 1512 3508 imminente
1531 3455 1653 3510 subver-

604 3538 694 3600 sione,
727 3538 913 3592 dissimulare
944 3557 1000 3592 non
1030 3557 1194 3607 possumus,
1222 3540 1292 3609 quin
1322 3539 1425 3592 matris
1456 3544 1563 3593 nostras
1594 3539 1653 3593 dis-

605 3622 709 3692 pendio
735 3624 943 3693 corripiticntcs
972 3622 1100 3676 dolorem
1128 3624 1223 3677 cordis
1250 3623 1428 3695 singultibus
1459 3625 1651 3693 proferamus

605 3713 635 3759 ct
671 3707 775 3776 pietati
812 3713 918 3760 restria
955 3725 1014 3759 una
1051 3707 1204 3761 nobiscum
1241 3708 1401 3762 deflendam
1433 3707 1652 3764 Cantauriensis

605 3790 736 3843 ccclesiae
781 3791 1025 3860 periclitationem
1062 3792 1331 3856 commuriicemus3
1377 3792 1508 3847 caritatis
1546 3801 1652 3848 restrae

604 3875 727 3945 pedihus
753 3875 899 3944 provoluti
925 3876 1044 3945 pronius
1072 3875 1278 3946 supplicantes,
1300 3883 1440 3945 (lucterius
1469 3877 1577 3931 intuitu
1597 3877 1653 3931 Dei

606 3966 635 4012 ct
662 3959 738 4012 beati
765 3959 902 4028 nmrtyris
922 3960 1049 4023 Thomas,
1074 3960 1158 4029 cujus
1185 3978 1270 4013 cruor
1298 3961 1391 4014 adhuc
1416 3979 1518 4015 recens
1546 3962 1654 4015 clamat

605 4062 657 4114 pre
688 4044 870 4098 immunitate
908 4043 1126 4098 Cuntuaricnsis
1166 4045 1313 4109 ccclesiae3
1352 4064 1404 4116 pro
1441 4046 1527 4100 domo
1558 4047 1654 4100 Israel

604 4146 706 4182 murus
726 4136 803 4182 staro
823 4128 929 4192 velitis,
946 4147 982 4181 iic
1002 4128 1038 4182 ad
1058 4130 1220 4198 perfectum
1240 4131 1495 4185 consummationis
1514 4131 1653 4202 procedat

439 4217 585 4266 Heortrcats
604 4213 656 4266 illa
682 4213 802 4277 nefaria,
832 4220 862 4292 et
880 4213 966 4266 toties
998 4231 1015 4265 a
1041 4214 1123 4266 curia
1148 4213 1279 4267 Romanu
1306 4213 1441 4267 damnata
1468 4222 1499 4268 ct
1517 4216 1650 4278 inhibita,

437 4271 579 4366 igffiffm'
603 4297 797 4351 machinatio:
827 4296 878 4351 sed
906 4298 930 4350 si
958 4298 1031 4352 sortc
1051 4297 1128 4368 apud
1153 4316 1205 4352 ros
1231 4298 1297 4352 inde
1323 4298 1447 4368 amplius
1474 4299 1578 4369 petitio
1606 4297 1653 4353 rel

437 4375 574 4468 {rfgssbfflffil'
603 4383 714 4436 mentio
733 4382 809 4435 sacta
826 4382 925 4443 fuerit,
947 4382 1007 4435 siro
1036 4381 1072 4435 de
1092 4382 1211 4436 licentia
1235 4382 1420 4453 procedendi,
1442 4382 1502 4437 sire
1530 4382 1565 4436 dc
1585 4400 1651 4437 con·

438 4473 508 4516 hosat
559 4440 574 4477 ⁸
603 4467 794 4519 summationc
814 4465 878 4534 ejas
899 4465 1090 4535 impetranda,
1112 4484 1200 4537 snper
1219 4484 1276 4537 quo
1294 4467 1430 4520 timemus
1451 4467 1513 4537 jam
1531 4468 1652 4523 nuncios

438 4524 578 4625 1333„ssssss
603 4549 713 4603 domini
731 4549 857 4603 Hirbcrti
876 4550 1087 4620 archiepiscopi
1115 4551 1152 4604 ad
1170 4550 1280 4605 curiam
1300 4551 1434 4615 directos,
1454 4553 1605 4622 negotium
1624 4559 1654 4608 et

437 4625 570 4720 ffi‘ffl·
604 4635 757 4703 petitiones
794 4651 894 4686 corum
931 4634 1073 4703 impedire
1111 4637 1229 4699 curetis
1265 4637 1368 4690 saltem
1405 4636 1495 4690 donec
1531 4638 1652 4693 nuncios

438 4726 515 4770 Roma
606 4725 764 4772 conventus
783 4718 886 4781 nostri,
914 4717 950 4771 ad
976 4735 1029 4772 vos
1048 4719 1079 4772 in
1097 4718 1180 4774 brevi
1200 4720 1255 4774 Dei
1276 4720 1372 4791 gratia
1389 4728 1537 4785 renturoS,
1565 4737 1653 4793 super

604 4801 659 4856 hoc
678 4802 813 4865 audictis,
834 4807 863 4856 et
889 4820 974 4872 aqua
999 4802 1082 4858 lance
1110 4805 1282 4874 gravamina
1305 4811 1405 4860 nostra
1432 4812 1460 4860 et
1477 4806 1569 4860 verba
1586 4824 1652 4861 can·

615 4936 632 4940 .,
646 4934 792 4941 ...—.--
842 4935 895 4940 0-..
950 4936 959 4938 -
982 4935 1005 4939 —
1016 4935 1033 4938 -ἡ
1138 4935 1150 4940 --
1178 4936 1186 4939 -
1203 4936 1228 4940 ..-
1240 4937 1252 4940 -
1294 4936 1302 4940 -
1318 4937 1328 4940 -
1344 4936 1652 4947 ----.-..--..-„.

636 4998 642 5026 ¹
662 4997 731 5045 John
751 4998 782 5047 de
800 4997 893 5047 Sancto
913 4997 1001 5054 Paulo,
1022 5012 1036 5045 a
1054 4997 1101 5048 Co·
1151 4997 1245 5056 Prisca,
1257 4999 1291 5063 by
1304 4999 1428 5050 Celcstinc
1437 5000 1495 5062 111,
1503 5003 1553 5052 and
1564 5003 1653 5069 bishop

601 5075 685 5137 lenna,
705 5079 777 5126 arado
800 5076 911 5127 cardinal
932 5075 1009 5141 pricst
1026 5076 1057 5125 of
1075 5076 1101 5126 S.
1151 5077 1181 5126 ol
1190 5077 1327 5143 Sabinaby
1339 5078 1462 5129 Innocent
1474 5080 1523 5132 ΙΙΙ.
