4192 6392
622 1182 665 1246 22
905 1193 1077 1245 amemus
1100 1191 1397 1258 clarummane,

471 1365 592 1459 dffllff·
623 1371 758 1425 humans
778 1369 925 1439 possimus
951 1369 1105 1426 industria
1132 1371 1180 1426 vel
1206 1370 1341 1426 velimus.
1377 1369 1496 1427 Vestrae
1521 1367 1678 1425 laudabilis

489 1446 580 1524 iners
623 1454 744 1509 unitatis
763 1454 925 1509 constantia
947 1455 1038 1509 totius
1057 1454 1147 1509 curia
1173 1454 1279 1510 faciem
1301 1453 1483 1524 jocundavit,
1502 1471 1615 1525 nosque
1641 1455 1678 1509 de

622 1539 749 1609 acceptis
767 1539 955 1609 acceptiores,
975 1539 1011 1593 de
1037 1538 1248 1594 commendatis
1275 1537 1405 1595 reddidit
1433 1543 1463 1593 et
1488 1537 1586 1594 effecit
1602 1555 1680 1593 ccm-

621 1623 826 1678 mendatiores.
866 1623 951 1678 Sicut
969 1623 1062 1693 igitur
1080 1623 1187 1678 debita
1205 1622 1352 1678 libertatis
1371 1622 1530 1694 privilegio
1549 1621 1679 1693 gaudere

622 1707 806 1770 desideratis,
827 1714 902 1762 state
920 1707 1057 1772 viriliter,
1072 1713 1103 1762 ct
1122 1706 1185 1762 Deo
1203 1713 1233 1762 et
1251 1708 1361 1763 sanctis
1382 1707 1457 1777 Ejus
1482 1705 1680 1762 indesinenter

622 1775 740 1846 causam
759 1796 888 1846 vestram
908 1798 938 1846 ct
963 1808 1016 1846 vos
1035 1791 1244 1846 commendate.
1283 1791 1372 1862 Spem
1399 1789 1547 1860 siquidem
1573 1790 1679 1845 bouum

623 1892 711 1945 super
729 1875 940 1945 promotionem
959 1875 1144 1945 negotiorum
1162 1881 1329 1931 vestrorum
1349 1875 1545 1945 concepimus,
1565 1873 1597 1928 in
1614 1874 1678 1944 qui·

622 1959 676 2013 bus
702 1959 818 2013 effectui
844 1959 1044 2030 mancipandis
1070 1976 1136 2014 eam
1156 1977 1245 2030 quam
1262 1958 1424 2030 poterimus
1449 1974 1550 2014 curam
1577 1956 1679 2012 adhib·

453 2040 602 2136 llfflcffi
622 2042 736 2097 abimus
771 2048 802 2097 et
833 2042 1027 2112 diligentiam.
1077 2042 1207 2098 Litteras
1235 2061 1308 2114 quas
1337 2041 1422 2098 vobis
1451 2040 1679 2097 transmittimus

454 2141 567 2195 thepope,
621 2126 745 2182 indulsit
762 2126 846 2182 nobis
866 2126 1001 2181 donnaus
1018 2143 1096 2197 papa
1123 2132 1189 2181 ante
1207 2126 1287 2181 diem
1306 2125 1495 2197 appellationi
1513 2125 1675 2197 praefixum,

620 2210 807 2282 postmodum
828 2211 865 2265 de
891 2228 980 2265 causa
1006 2210 1123 2281 plenius
1149 2210 1332 2281 cogniturus,
1361 2228 1428 2266 cum
1450 2209 1551 2265 nuncii
1568 2208 1679 2265 domini

621 2295 841 2350 Cantuariensis
863 2295 1060 2366 apparuerint.
1099 2295 1137 2349 In
1154 2295 1289 2350 omnibus
1310 2294 1457 2365 siquidem
1474 2291 1597 2365 agendis
1613 2308 1679 2349 nos-

620 2378 674 2433 tris
694 2396 762 2432 cum
786 2395 830 2442 ca,
850 2385 995 2434 annuento
1014 2378 1087 2444 Deo,
1114 2379 1274 2450 sagacitate
1302 2384 1333 2434 et
1358 2376 1503 2433 modestia
1519 2377 1678 2449 proaedere

620 2462 798 2524 curabimus,
813 2462 891 2532 quod
905 2462 956 2532 jus
975 2468 1006 2518 ct
1022 2462 1199 2534 dignitatem
1211 2461 1322 2518 demini
1335 2461 1556 2518 Cantauriensis
1567 2461 1678 2532 absque

451 2550 588 2642 pluresue·
621 2544 763 2616 cujusque
776 2545 1011 2616 scrupulositatis
1024 2547 1164 2616 figmento
1175 2546 1271 2602 illaesa
1282 2545 1529 2602 conservabimus.
1553 2544 1681 2616 Expedit

451 2604 597 2696 witigim,
620 2629 758 2685 vobisut
783 2647 850 2684 oum
878 2648 993 2685 summa
1019 2631 1171 2686 celeritate
1198 2648 1251 2702 per
1276 2630 1383 2686 fratrm
1410 2634 1527 2685 vestros
1557 2627 1675 2683 adhoc

452 2700 534 2744 ’Μ
543 2705 568 2746 ‘⁰
621 2714 716 2784 magis
729 2713 847 2769 idoneos
865 2721 896 2771 et
913 2715 996 2781 alios,
1010 2715 1119 2771 litterar
1132 2715 1242 2770 domiui
1255 2731 1338 2785 papas
1349 2720 1412 2770 tam
1426 2712 1577 2784 judicibus
1590 2729 1678 2783 quam

451 2751 598 2866 llidbliihdnl,
621 2796 736 2852 domino
768 2797 974 2854 Cantuariensi
1005 2798 1182 2869 dirigantur,
1214 2804 1245 2854 et
1275 2787 1347 2869 quid
1380 2813 1469 2869 super
1498 2797 1553 2852 hcc
1583 2795 1678 2851 iacere

452 2852 609 2947 ffirm-
621 2881 805 2937 decreverint
831 2882 915 2937 nobis
941 2883 1113 2954 quantocius
1140 2883 1337 2938 renuncietur.
1377 2880 1525 2937 Caeterum
1554 2879 1581 2936 si
1607 2879 1679 2951 quid

448 2952 540 3006 junges.
620 2965 817 3029 adversitatis,
838 2965 865 3020 si
883 2983 948 3035 quoe
966 2966 1172 3021 tribulationes
1190 2984 1243 3022 vos
1261 2965 1399 3038 inhujus
1417 2964 1558 3037 temporis
1575 2965 1680 3036 nequi·

620 3050 663 3105 tia
690 3049 964 3120 comprehenderint
987 3050 1134 3121 patienter
1160 3050 1316 3115 sustinete,
1340 3050 1477 3120 quoniam
1503 3054 1607 3120 petens
1632 3054 1680 3104 est

620 3134 725 3190 Oriens
744 3152 779 3189 ex
798 3134 857 3190 alto
875 3139 909 3190 ut
928 3134 1003 3189 Suos
1021 3134 1124 3190 visitet
1141 3135 1173 3189 in
1198 3135 1340 3207 proximo.
1378 3134 1441 3191 Nos
1458 3149 1527 3189 vero
1545 3131 1813 3197 inmissurum

621 3218 789 3274 stabilitatis
809 3218 928 3274 scabulo
941 3219 1096 3273 anchoram
1108 3224 1238 3274 nostram
1256 3218 1472 3283 collocavimus,
1485 3216 1564 3289 quod
1580 3234 1678 3288 noque

620 3310 748 3359 terrores
766 3319 862 3374 nequo
881 3303 1027 3374 augustias
1045 3303 1083 3357 ab
1102 3302 1233 3358 ecclesias
1251 3307 1359 3358 nostras
1372 3301 1493 3358 caritate
1511 3300 1559 3357 vel
1577 3307 1679 3357 vestra

621 3405 674 3442 ncs
693 3387 879 3458 aliquatenus
897 3392 1035 3457 poterunt
1058 3402 1204 3459 separare.
1243 3386 1349 3444 Valete
1368 3391 1399 3442 et
1425 3389 1506 3442 crate
1534 3385 1679 3444 instanter

621 3489 676 3543 pro
694 3471 786 3525 nobis.

467 3667 591 3763 ffllllssll·
626 3666 739 3722 XXVI.
760 3667 899 3721 Ursinus
919 3682 989 3722 mm
1009 3670 1183 3725 Bannswmo
1203 3670 1418 3728 Circumlata
1437 3671 1678 3727 sircnrnrrsccrc.l

456 3793 537 3838 Urban
547 3793 592 3835 111.
662 3785 798 3839 Urbanus
821 3786 985 3857 opiscopus,
1008 3806 1112 3843 servus
1141 3807 1294 3844 servorum
1315 3790 1382 3855 Dei,
1405 3791 1566 3846 venerabili
1595 3789 1680 3845 fratri

456 3855 613 3937 ssffii‘ffi
627 3870 661 3923 B.
684 3869 887 3925 (lontriarionsi
906 3873 1135 3944 archiepiscopo,
1156 3875 1323 3945 apostoliam
1343 3874 1681 3945 sedislegat0,suluten1

457 3944 572 4046 {Jffiffi
628 3961 657 4008 ot
684 3954 872 4023 apostolicam
899 3955 1141 4011 benedictionem.
1189 3958 1268 4010 Dum
1295 3957 1331 4012 ad
1357 3964 1486 4013 montem
1511 3957 1681 4013 reducimus

456 4045 577 4105 actirgin·
627 4037 781 4108 rcligionis
799 4043 858 4091 turc
877 4039 1022 4093 semerom
1041 4046 1072 4094 ot
1098 4041 1196 4094 locum
1214 4041 1368 4112 regiminis
1394 4059 1482 4112 quem
1508 4043 1540 4096 in
1557 4042 1683 4097 ecclesia

456 4094 608 4189 fflpfiipssntly
629 4122 685 4176 Dei
707 4121 744 4176 ad
765 4123 977 4192 procurandam
1000 4124 1125 4180 salutem
1149 4125 1281 4180 fidelium
1306 4127 1473 4198 suscepisti,
1499 4144 1557 4181 non
1580 4144 1682 4198 possu-

459 4196 557 4249 dignita
629 4223 693 4260 mus
721 4223 779 4260 nou
804 4206 903 4261 doloro
930 4207 955 4261 si
987 4208 1059 4277 quid
1084 4208 1168 4263 nobis
1196 4209 1232 4264 de
1260 4215 1319 4266 tuas
1346 4210 1541 4266 fraternitatis
1567 4211 1682 4265 actibus

628 4294 817 4361 proponatur,
832 4290 911 4360 quod
922 4291 1064 4361 gravitati
1084 4298 1141 4346 tusc
1160 4299 1191 4347 ct
1208 4293 1368 4363 pontificali
1380 4294 1473 4349 efficio
1492 4293 1681 4350 contradicat.

629 4374 760 4445 Dignum
790 4374 939 4444 siquidem¹
963 4384 1008 4430 est
1032 4381 1062 4430 ct
1083 4392 1242 4432 consonum
1269 4377 1385 4443 rationi,
1406 4384 1440 4434 ut
1464 4377 1598 4444 sicutte,
1619 4394 1684 4449 spe-

629 4460 702 4513 ciale
722 4457 862 4513 videlicet
882 4459 1047 4513 membrum
1067 4460 1209 4527 ecclesia,
1233 4460 1348 4517 sincero
1369 4462 1400 4517 in
1418 4461 1543 4517 Domino
1561 4461 1684 4518 caritate

629 4542 791 4612 diligimus,
806 4543 848 4597 ita
866 4542 902 4596 de
919 4542 1138 4599 conversatione
1151 4552 1203 4599 tua
1221 4551 1251 4600 ct
1262 4545 1393 4601 moribus
1406 4545 1563 4617 specialem
1575 4545 1684 4602 sollici·

629 4626 760 4682 tudinem
785 4626 954 4690 habeamus,
979 4627 1048 4697 quia
1073 4628 1220 4684 nostram²
1244 4629 1431 4685 crederemus
1456 4648 1514 4685 uon
1537 4629 1683 4685 modicam

628 4709 786 4774 laesionem,
813 4710 838 4764 si
863 4710 1019 4765 laudabilis
1045 4718 1103 4767 tuae
1128 4711 1281 4783 religionis
1312 4714 1410 4784 opinio
1436 4715 1587 4770 occasione
1611 4732 1682 4786 qua·

547 4928 554 4937 ·
661 4918 668 4948 ¹
688 4917 752 4966 This
764 4917 837 4966 letter
853 4916 876 4965 is
890 4917 967 4981 given
984 4920 1018 4983 by
1037 4918 1155 4981 Gervase,
1169 4927 1241 4971 1491.
1276 4922 1332 4972 The
1349 4923 1451 4973 venons
1467 4922 1586 4987 readings
1601 4922 1684 4972 below

626 5011 669 5046 ure
680 4997 745 5046 frum
756 4996 807 5046 this
817 4995 926 5046 version.

660 5077 670 5106 ²
687 5075 806 5140 narbam]
825 5082 942 5134 vernam,
954 5074 986 5127 G.
