4192 6392
611 1189 677 1254 130
890 1199 1063 1249 murena
1085 1193 1374 1256 clarummane

453 1493 591 1592 fflss·
657 1504 745 1563 CLV.
784 1504 950 1562 Oeuvanroi
970 1504 1185 1560 Garrosumrsr
1203 1517 1316 1569 Qumis
1333 1515 1466 1557 maraon
1483 1513 1503 1555 s
1520 1514 1617 1556 coam.

472 1659 540 1712 olom
547 1671 585 1702 0¹·
647 1656 690 1714 Ut
706 1676 724 1712 a
741 1657 839 1714 verbis
852 1657 872 1713 J
873 1658 954 1713 acobi
972 1657 1096 1728 apostoli
1114 1656 1257 1725 exordiar,
1279 1659 1298 1683 “
1311 1674 1396 1711 omne
1414 1654 1555 1728 gaudium
1567 1653 1668 1710 existi·

445 1659 466 1703 Δ

445 1710 564 1803 dimid
575 1713 601 1754 ω
615 1743 634 1769 “
653 1748 740 1807 mate,
755 1743 860 1798 fratres
881 1741 1035 1806 carissimi,
1050 1759 1117 1796 eum
1129 1741 1160 1796 in
1171 1739 1346 1796 tentationes
1363 1740 1460 1796 varias
1471 1737 1666 1794 incideritis.”
1681 1742 1705 1787 S·
1713 1741 1794 1787 ΜΝ
1800 1741 1814 1784 i.

445 1822 548 1905 m*
614 1825 651 1880 In
668 1826 751 1882 vobis
770 1826 848 1881 enim
867 1825 1003 1881 Christus
1020 1826 1254 1898 persecutionem
1272 1824 1308 1880 de
1326 1843 1401 1880 novo
1419 1824 1539 1896 patitur,
1553 1822 1584 1878 in
1602 1821 1667 1891 Quo

480 1927 509 1971 ra
517 1931 577 1973 ³41⁰.
614 1915 645 1966 et
661 1929 713 1966 vos
732 1916 806 1966 state
824 1912 925 1977 fortes,
944 1930 963 1966 a
980 1909 1043 1979 Quo
1062 1909 1218 1980 aliquando
1241 1909 1370 1965 audituri
1388 1910 1470 1974 estis,
1491 1906 1579 1976 “Qui
1601 1925 1668 1980 per·

617 1996 804 2051 “mansistis
830 1996 949 2051 Mecum
976 1996 1007 2051 in
1037 1995 1247 2050 tentationibus
1276 1993 1363 2059 Meis,
1389 1998 1420 2048 et
1449 1991 1515 2047 ideo
1545 1991 1669 2063 dispono

597 2078 599 2080 ’
617 2082 637 2106 “
656 2080 739 2136 vobis
757 2080 836 2135 sicut
853 2078 998 2151 disposuit
1014 2079 1092 2134 Mihi
1110 2078 1198 2134 Pater
1210 2078 1297 2134 Meus
1315 2077 1470 2150 regnum.”
1506 2075 1670 2131 Hortamur
1684 2084 1814 2130 &taken

521 2198 524 2203 -
615 2162 653 2218 ad
670 2164 927 2235 perseverantiam,
953 2164 1024 2235 quia
1042 2166 1062 2190 ‘⁴
1075 2181 1132 2218 non
1151 2168 1220 2218 sunt
1240 2162 1392 2233 condigna
1409 2160 1559 2233 passiones
1577 2159 1668 2231 hujus
1683 2141 1717 2182 Ἀ

617 2250 636 2274 “
656 2249 796 2320 temporis
822 2246 860 2302 ad
886 2248 1016 2304 futuram
1042 2247 1169 2319 gloriam
1195 2265 1260 2319 quae
1287 2247 1466 2302 revelabitur
1490 2245 1522 2300 in
1550 2245 1668 2300 nobis.”
1683 2257 1814 2303 Romaiu*

614 2331 792 2388 Mementote
810 2331 881 2404 quia
897 2332 952 2387 filii
970 2338 1137 2388 sanctorum
1155 2332 1236 2396 estis,
1266 2332 1292 2386 si
1319 2331 1550 2402 persecutionem
1577 2329 1667 2385 susti·

614 2406 700 2481 netis,
716 2419 786 2489 quia
801 2416 881 2472 beati
891 2418 942 2487 qui
959 2418 1194 2489 persecutionem
1211 2416 1363 2488 patiuntur
1374 2421 1494 2488 propter
1507 2413 1666 2486 justitiam.
1683 2428 1814 2472 susten:

448 2507 586 2552 &member
614 2500 663 2555 Ad
679 2500 825 2572 principia
841 2502 986 2557 nascentis
1004 2502 1136 2557 ecclesiae
1153 2506 1262 2556 nostra
1279 2505 1412 2555 recurrat
1429 2506 1534 2555 vestrae
1559 2499 1669 2555 disere-

447 2559 582 2664 fflffiff
614 2584 703 2641 tionis
715 2584 865 2640 memoria.
902 2584 1024 2640 Recolat
1035 2603 1103 2640 cum
1114 2585 1247 2657 patribus
1259 2590 1400 2656 tempora,
1410 2584 1668 2640 etvixinvenietis

448 2660 586 2754 ffigfufiffloe
615 2669 744 2741 aliquem
761 2674 878 2740 patrum
902 2675 1070 2724 vestrorum
1097 2669 1149 2738 qui
1174 2687 1232 2724 non
1258 2670 1298 2724 sit
1324 2687 1428 2740 passus
1453 2687 1506 2741 pro
1531 2669 1668 2724 libertate

448 2762 552 2815 charam
615 2753 746 2809 ecelesiae
763 2759 870 2809 vestra
888 2754 1009 2808 exilium
1027 2754 1076 2808 vel
1093 2759 1235 2808 mortem:
1256 2753 1298 2808 sic
1310 2754 1346 2808 de
1358 2754 1490 2826 patribus
1508 2754 1667 2825 loquimur.

614 2837 679 2894 Nee
691 2838 797 2893 fratres
815 2838 948 2909 excipere
965 2856 1130 2909 possumus,
1145 2838 1171 2893 si
1189 2843 1322 2909 tempora
1337 2839 1585 2910 praedecessorum
1602 2828 1670 2896 nos*-

616 2927 729 2977 trorum
747 2940 804 2976 non
821 2922 1016 2993 praeterimus.
1056 2921 1090 2977 Si
1107 2939 1179 2993 ergo
1197 2940 1250 2993 pro
1268 2921 1403 2976 libertate
1431 2922 1512 2978 illius
1537 2923 1671 2978 ecclesia

617 3012 781 3062 constanter
800 3007 895 3072 statis,
914 3024 981 3061 vere
999 3006 1054 3060 filii
1071 3006 1190 3061 illorum
1208 3006 1290 3061 estis.
1336 3005 1505 3078 Degeneres
1523 3007 1577 3061 filii
1601 3014 1673 3062 sunt

448 3104 493 3148 aad
617 3092 669 3162 qui
686 3091 844 3146 bonitatem
861 3096 1016 3162 parentum
1033 3108 1091 3144 non
1103 3096 1275 3161 sequuntur.
1312 3090 1480 3145 Etutalios
1492 3090 1672 3163 adpraesens

449 3117 571 3258 ffi
616 3175 794 3240 omittamus,
808 3175 893 3229 illum
905 3174 942 3229 ad
953 3174 1125 3229 memoriam
1137 3181 1279 3239 revocate,
1295 3175 1346 3245 qui
1364 3174 1544 3245 temporibus
1561 3176 1672 3230 vestris

450 3269 551 3353 mn
618 3278 669 3315 sex
692 3261 775 3316 annis
801 3258 868 3315 exul
894 3258 1024 3324 effectus,
1044 3258 1161 3313 tandem
1186 3259 1218 3313 in
1242 3258 1335 3314 oculis
1359 3259 1465 3314 vestris
1491 3259 1523 3313 in
1547 3259 1674 3314 ecclesia

617 3349 718 3399 vestra
742 3350 773 3399 et
799 3361 853 3416 pro
879 3343 1003 3399 ecclesia
1028 3342 1168 3413 martyrio
1192 3349 1346 3398 coronatus
1372 3350 1425 3398 est.
1475 3343 1515 3398 Et
1539 3344 1565 3398 si
1590 3349 1672 3398 recte

617 3428 784 3492 recolimus,
804 3429 867 3498 ipse
885 3427 1041 3498 aliquando
1059 3445 1112 3482 vos
1139 3426 1327 3498 praemunivit
1351 3432 1381 3482 et
1406 3427 1538 3482 hortatus
1565 3433 1611 3481 est
1635 3428 1673 3482 ad

619 3512 821 3576 constantiam,
835 3510 945 3576 dicens,
967 3511 1036 3582 quia
1053 3512 1117 3583 ipse
1135 3517 1282 3565 certamen
1300 3512 1448 3582 inceperat
1465 3529 1518 3583 pro
1535 3511 1672 3566 libertate

619 3596 749 3650 ecelesiae
769 3595 847 3667 quod
864 3614 916 3650 vos
935 3595 1113 3666 expectabat.
1159 3595 1339 3650 Animemini
1365 3614 1435 3667 ergo
1463 3595 1500 3650 ad
1525 3601 1672 3650 certamen

619 3680 731 3733 monitu
748 3680 827 3734 beati
845 3680 993 3750 martyris.
1032 3678 1161 3733 Mundus
1179 3679 1279 3733 laudat
1296 3697 1414 3734 causam
1430 3686 1573 3734 vestram:
1595 3698 1673 3734 com-

451 3766 594 3810 ‘rhekoman
618 3764 736 3816 mendet
754 3770 784 3818 et
801 3763 992 3818 constantiam
1010 3771 1147 3818 vestram.
1183 3764 1257 3818 Tota
1274 3764 1405 3819 Romana
1421 3765 1503 3819 ouria
1520 3765 1672 3819 vobiscum

450 3819 595 3962 ἓηξῇξιέζὲ.
620 3854 674 3910 est,
701 3865 754 3901 neo
781 3847 901 3918 negabit
927 3847 1010 3901 vobis
1034 3847 1183 3917 justitiam
1210 3847 1358 3903 Romanus
1385 3849 1515 3920 pontifex
1540 3849 1611 3903 lieet
1635 3849 1674 3903 ad

479 3930 523 3972 ⁰¹¹⁸
578 3933 591 3963 ⁰
619 3937 735 4002 tempus
754 3930 877 3985 differat.
916 3930 1063 4002 Quicquid
1080 3950 1133 4003 pro
1151 3933 1234 3986 vobis
1260 3933 1447 4004 impetratum
1475 3939 1521 3988 est
1545 3934 1581 3988 de
1606 3951 1674 3988 auc-

448 3970 594 4072 Mspde‘deidi'
619 4017 737 4071 teritate
755 4015 877 4070 Romani
896 4016 1041 4086 pontificis
1060 4021 1090 4070 et
1108 4017 1144 4069 de
1163 4016 1284 4071 consilio
1302 4018 1426 4071 fratrum
1438 4018 1589 4088 processit,
1604 4019 1676 4088 quia

451 4071 536 4115 aune.
618 4101 651 4153 in
668 4099 781 4154 occulto
799 4099 890 4154 locuti
910 4119 1010 4154 sumus
1029 4100 1114 4166 nihil,
1135 4119 1188 4155 neo
1207 4107 1252 4156 est
1269 4102 1352 4155 vobis
1371 4102 1469 4172 aliquo
1487 4102 1573 4156 modo
1600 4101 1675 4155 diffi-

618 4183 755 4249 dendum,
776 4184 845 4255 quia
863 4184 1023 4238 cardinales
1036 4189 1136 4239 conha
1148 4186 1298 4256 preprium
1309 4186 1465 4240 consilium
1476 4205 1533 4240 non
1544 4187 1673 4251 venient,

618 4268 743 4322 maxime
762 4287 830 4322 cum
847 4275 980 4339 petamus
1000 4267 1035 4321 de
1051 4269 1169 4338 justitia
1187 4269 1328 4340 quicquid
1345 4270 1482 4340 petimus.
1521 4270 1588 4324 Jam
1606 4271 1674 4325 finis

618 4352 704 4407 datus
729 4354 834 4408 fuisset
861 4370 957 4407 causae
982 4357 1098 4416 vestra,
1119 4353 1145 4407 si
1171 4353 1263 4407 beata
1291 4354 1592 4425 memoriaeffUrbanus
1616 4372 1674 4408 non

619 4444 700 4492 esset
718 4438 850 4492 sublatus
869 4436 1029 4500 demedio,
1050 4436 1128 4491 sicut
1144 4437 1181 4491 de
1199 4438 1312 4492 ultimis
1332 4437 1392 4508 ejus
1417 4438 1525 4493 litteris
1550 4439 1675 4509 potestis

619 4521 807 4592 perpendere.
845 4521 948 4575 Novus
968 4520 1104 4586 surrexit,
1124 4522 1235 4576 utinam
1259 4523 1291 4576 in
1314 4523 1443 4577 novitate
1470 4523 1601 4593 spiritus,
1622 4524 1676 4594 qui
1690 4533 1806 4578 sensu.

618 4606 689 4660 licet
707 4625 763 4660 nen
782 4607 821 4661 sit
847 4606 930 4660 nobis
958 4605 1000 4659 ita
1024 4606 1169 4676 propitius
1189 4607 1266 4661 sieut
1291 4607 1488 4677 prardecessor
1514 4608 1577 4676 ejus
1606 4609 1673 4673 fuit,

620 4694 726 4752 tamen,
741 4691 766 4744 si
779 4690 850 4744 fides
863 4695 960 4761 potest
978 4689 1078 4743 haberi
1097 4691 1194 4745 verbis
1214 4692 1287 4762 ejus,
1301 4692 1384 4746 vobis
1403 4693 1433 4745 in
1448 4693 1565 4762 justitia
1576 4699 1678 4747 vestra

450 4786 498 4829 l'he
507 4798 557 4847 new
620 4793 678 4829 non
696 4775 806 4840 deerit3
828 4777 906 4846 quia,
927 4781 960 4828 ut
977 4774 1088 4838 dicunt,
1108 4774 1209 4845 diligit
1226 4776 1486 4848 archiepiscopum,
1505 4794 1558 4832 vos
1577 4789 1677 4831 autem

450 4850 607 4930 ffiffifosstho
620 4859 784 4914 dilectionis
804 4860 867 4930 ejus
886 4859 1033 4913 nonestis
1053 4865 1194 4929 expertes,
1215 4879 1268 4915 nec
1287 4861 1393 4930 aliquis
1413 4861 1469 4915 sibi
1494 4861 1537 4915 ita
1563 4868 1677 4917 amatus

450 4939 595 5031 {ffihfflssss'
620 4950 666 4998 est
683 4963 736 5015 pro
756 4963 814 5014 quo
833 4944 981 5014 propriam
999 4943 1125 4996 unimam
1145 4945 1266 5014 perdere
1284 4945 1365 4999 velit.
1405 4945 1568 5000 Confitetur
1586 4947 1676 5000 etiam

450 5038 605 5089 lossensem
619 5027 688 5097 quia
705 5028 777 5082 benc
796 5029 878 5083 novit
896 5026 1116 5082 tribulationem
1134 5035 1262 5083 nostram
1289 5034 1318 5083 et
1344 5030 1376 5082 in
1402 5030 1486 5085 brevi
1510 5030 1679 5101 providebit

450 5092 596 5184 ffifflfflwffi
617 5112 701 5166 nobis
719 5113 953 5168 consolationem.
993 5110 1137 5166 Instantia
1154 5121 1255 5170 nostra
1273 5112 1442 5183 quotidiana
1466 5119 1519 5181 est,
1540 5133 1594 5170 nec
1613 5115 1678 5186 ipse
