4192 6392
555 1191 620 1256 192
836 1205 1009 1256 mrsronn
1032 1202 1322 1273 cssrusarmsns,

402 1383 524 1479 Affi&
551 1387 634 1454 pater
651 1382 683 1438 iu
700 1382 776 1438 filios
794 1383 951 1438 inhumane
964 1382 1072 1438 nititur
1092 1381 1282 1437 debacchare.
1318 1380 1378 1436 Sed
1394 1395 1449 1435 uec
1465 1377 1514 1434 his
1532 1384 1609 1435 tem·

386 1498 531 1544 mm
551 1466 671 1538 poribus
688 1472 749 1521 tam
768 1467 899 1522 enormia
916 1473 976 1522 tarn
1001 1465 1134 1522 inaudita
1159 1465 1359 1536 contigissent,
1378 1463 1436 1520 nisi
1455 1464 1535 1519 filius
1552 1463 1759 1521 murman:

385 1549 518 1593 bethem
550 1549 723 1620 perditionis
740 1551 788 1606 vol
803 1551 867 1622 jam
883 1553 1041 1616 revelatus,
1060 1552 1109 1606 vel
1127 1551 1158 1606 in
1175 1552 1306 1623 proximo
1325 1550 1401 1605 foret
1416 1547 1605 1605 revelandus.

385 1601 525 1696 pthmmngt
550 1633 664 1690 Verum
691 1636 747 1690 etsi
772 1653 824 1690 nos
844 1635 935 1691 simus
960 1637 991 1690 in
1017 1653 1090 1707 quos
1115 1636 1186 1690 fines
1211 1635 1386 1691 saeculorum
1412 1632 1759 1698 deveneruntlcrann,

386 1701 535 1797 fflmss
551 1735 588 1772 ne
606 1724 705 1773 tamen
722 1719 759 1774 de
776 1719 860 1774 nobis
878 1721 910 1774 in
926 1727 1078 1792 posterum
1096 1719 1167 1775 mali
1179 1725 1312 1774 sumatur
1324 1718 1499 1789 exemplum,
1513 1718 1607 1773 armis

552 1801 738 1858 devotionum
769 1809 799 1859 et
828 1805 992 1859 orationum
1018 1804 1134 1859 fortiter
1162 1809 1208 1859 est
1236 1803 1438 1875 praeliandum,
1462 1801 1607 1858 versutiis

552 1887 681 1942 hostium
706 1886 884 1943 confidenter
912 1888 1120 1954 resistendum,
1140 1905 1177 1942 ne
1204 1887 1362 1959 praevaleat
1386 1887 1527 1943 adversus
1550 1905 1607 1943 nos

552 1970 647 2035 homo,
675 1988 712 2025 ne
742 1978 874 2027 nostrum
904 1972 1053 2027 defectum
1078 1972 1127 2027 vel
1157 1971 1294 2027 inertiam
1323 1971 1478 2043 posteritas
1503 1976 1607 2027 nostra

552 2055 657 2110 merito
675 2055 780 2110 debeat
797 2056 967 2120 lamentare,
982 2061 1013 2112 et
1030 2055 1067 2110 de
1085 2054 1169 2110 uobis
1186 2055 1262 2110 illud
1279 2055 1481 2126 propheticum
1499 2054 1607 2110 debeat

552 2128 715 2211 adimpleri,
750 2140 882 2195 “Patres
918 2139 1108 2195 comederunt
1141 2156 1230 2194 uvam
1264 2139 1408 2204 acerbam,
1436 2144 1467 2193 et
1500 2136 1759 2194 dentes'Mxviit:

555 2222 711 2278 “filiorum
729 2224 967 2296 obstupescunt.’'
995 2223 1073 2292 Quid
1084 2241 1155 2279 vero
1173 2224 1324 2290 famosius,
1339 2223 1412 2295 quid
1423 2223 1513 2278 etiam
1525 2223 1606 2280 favo·

552 2308 685 2373 rabilius,
706 2326 794 2379 quam
813 2309 880 2363 Sum
900 2310 980 2381 Syon
998 2307 1151 2363 libertates
1170 2313 1200 2362 et
1214 2307 1283 2378 jura
1306 2324 1488 2372 conservare,
1508 2306 1606 2362 eidem

552 2391 791 2448 indemnitatibus
809 2411 903 2464 usque
918 2393 956 2447 ad
973 2392 1079 2464 cepitis
1097 2392 1346 2447 detruncationem
1364 2392 1491 2448 fideliter
1507 2391 1606 2449 indul-

553 2474 647 2547 gere?
682 2477 754 2531 Tam
775 2477 864 2548 primi
884 2476 1029 2547 siquidem
1056 2482 1173 2547 patrum
1198 2482 1374 2541 nostrorum,
1402 2494 1490 2547 quam
1507 2477 1606 2532 novis·

553 2559 630 2625 simi,
656 2560 825 2631 hujusmodi
852 2559 1023 2632 dispendiis,
1044 2560 1153 2615 talibus
1181 2560 1373 2625 commerciis,
1400 2560 1519 2615 laudem
1546 2561 1605 2617 sibi

552 2643 756 2715 adquisierunt
774 2650 804 2699 et
821 2644 956 2715 gloriam.
993 2644 1148 2715 Numquid
1164 2662 1216 2699 nos
1235 2642 1418 2715 degeneres?
1448 2643 1606 2715 Numquid

551 2728 629 2784 inter
646 2746 746 2783 omnes
765 2727 868 2783 mundi
885 2729 1017 2783 nationes
1042 2730 1099 2784 faex
1125 2727 1276 2782 homiuum
1303 2733 1333 2783 et
1359 2727 1483 2798 abjectio
1507 2729 1604 2800 plebis
1616 2733 1745 2784 Psxxito

551 2811 774 2885 reputabimur?
809 2812 898 2867 Absit
921 2818 955 2867 ut
972 2830 1040 2868 oum
1065 2819 1126 2868 tam
1143 2812 1197 2867 vili
1224 2811 1393 2867 discrimina
1418 2812 1604 2868 incurramus

550 2896 739 2968 opprobrium
769 2898 989 2967 sempiternum,
1015 2901 1046 2951 et
1075 2897 1117 2951 ita
1147 2896 1239 2951 simus
1269 2896 1347 2950 risus
1372 2896 1549 2967 populorum
1575 2902 1606 2953 et

550 2981 650 3036 fabula
666 2981 882 3036 transeuntium
899 2998 952 3051 per
969 2980 1058 3035 viam.
1097 2980 1254 3044 Oaeterum,
1275 2979 1352 3035 sicut
1369 2979 1487 3034 difficile
1506 2986 1553 3036 est
1571 2987 1605 3036 ut

550 3065 625 3120 bono
642 3066 724 3120 exitu
749 3069 928 3137 peragantur
955 3081 1020 3135 quae
1047 3064 1124 3118 mulo
1149 3069 1217 3118 sunt
1233 3064 1369 3118 inchoata
1385 3063 1540 3135 principio,
1561 3065 1605 3119 sic

551 3167 569 3204 a
586 3149 731 3205 contrario
749 3166 837 3204 sensu
848 3164 1001 3218 perrarum
1019 3154 1066 3202 est
1083 3153 1114 3203 et
1131 3147 1322 3218 impossibile,
1336 3153 1370 3203 ut
1388 3147 1466 3218 quod
1483 3148 1605 3203 initium

552 3233 688 3289 sortitum
706 3238 752 3288 est
768 3232 924 3296 laudabile,
941 3231 1069 3302 jocundo
1082 3230 1272 3286 defraudetur
1290 3229 1403 3285 effectu.
1433 3230 1495 3286 Vos
1508 3231 1605 3303 igitur

384 3332 523 3378 Hoexhorts
551 3318 582 3373 in
609 3322 765 3389 conspeetu
792 3316 848 3370 Dei
875 3321 906 3371 et
931 3316 1083 3370 hominum
1108 3315 1236 3386 gratiose
1261 3315 1401 3370 hactenus
1427 3314 1602 3382 dimicastis,

384 3387 492 3480 ξᾝξζ
552 3401 639 3456 fidem
652 3401 801 3464 servastis,
815 3407 845 3454 et
857 3416 989 3470 agonem,
1004 3416 1071 3453 cum
1084 3399 1164 3453 Deus
1176 3398 1313 3463 voluerit,
1333 3399 1449 3469 explere
1467 3400 1602 3470 potestis.

553 3485 612 3541 Sed
630 3485 701 3555 quid
719 3486 832 3540 confert
850 3502 922 3555 opus
941 3483 1078 3538 inchoare
1102 3487 1133 3537 et
1150 3483 1186 3537 ab
1204 3483 1320 3553 incepto
1339 3481 1503 3536 desistere?
1540 3483 1604 3538 Mo·

552 3569 650 3622 dicum
668 3576 719 3623 aut
737 3568 819 3622 nihil.
857 3567 965 3621 Melius
993 3574 1038 3621 est
1065 3566 1143 3620 enim
1168 3567 1246 3620 viam
1271 3566 1404 3620 veritatis
1431 3583 1489 3619 non
1514 3582 1753 3636 agno-suroris,

411 3670 513 3711 ruam
552 3670 642 3715 scere,
671 3670 758 3722 quam
786 3660 852 3720 post
877 3651 1006 3719 agnitam
1032 3650 1165 3705 retroire.
1207 3649 1283 3718 Quid
1309 3649 1415 3720 plura?
1453 3649 1509 3704 cui
1537 3637 1648 3721 pro-²¹·

551 3736 677 3789 mittitur
704 3754 721 3789 a
747 3735 810 3787 Dec
834 3734 1023 3804 triumphus?
1060 3734 1218 3787 Praemium
1246 3733 1443 3803 perseveranti
1467 3733 1602 3804 legitimo

551 3819 728 3881 decertanti3
748 3817 908 3872 secundum
935 3817 1018 3880 illud,
1050 3818 1216 3872 “Vincenti
1243 3818 1317 3872 dabo
1344 3819 1430 3871 edere
1457 3817 1493 3871 de
1519 3818 1602 3889 liguo
1614 3823 1672 3869 Rev.
1681 3826 1705 3869 it.
1714 3827 1734 3869 7.

553 3907 571 3929 “
591 3903 696 3968 vitae;”
716 3908 745 3957 et
763 3902 842 3966 alibi,
868 3901 954 3970 “Qui
980 3902 1213 3972 perseveraverit
1242 3920 1335 3972 usque
1365 3902 1397 3955 in
1423 3901 1520 3966 finem,
1552 3902 1602 3957 hic
1616 3900 1721 3962 epistt,

553 3991 571 4013 “
592 3987 689 4041 salvus
716 3986 802 4040 orit.''
842 3984 984 4053 Quoniam
1012 4004 1084 4057 ergo
1108 3986 1186 4039 beati
1212 3985 1263 4055 qui
1291 3986 1523 4056 persecutionem
1550 4004 1600 4057 pa·
1614 3957 1746 4046 {nuidis

551 4072 664 4125 tiuntur
681 4077 799 4142 propter
814 4070 970 4141 justitiam,
986 4071 1027 4125 sic
1040 4089 1093 4141 per
1111 4069 1314 4125 tribulationes
1333 4071 1440 4125 multas
1459 4078 1490 4126 et
1507 4071 1600 4125 malas
1614 4056 1646 4096 ¹⁰·

550 4156 715 4210 discurrere
732 4155 764 4209 in
782 4171 816 4208 ea
834 4154 901 4207 fidei
921 4154 1092 4219 constantia,
1111 4172 1164 4224 per
1183 4155 1282 4225 ignem
1302 4160 1331 4208 et
1349 4172 1456 4225 uquam
1473 4156 1601 4209 transire

550 4239 741 4303 decertemus,
762 4245 905 4308 quatenus
932 4239 1067 4293 bravium
1091 4238 1269 4309 promissum
1295 4238 1428 4293 evincere
1446 4244 1477 4293 ot
1501 4238 1600 4294 locum

549 4324 707 4395 refrigerii,
727 4323 803 4378 lucis
834 4329 864 4378 et
894 4323 1012 4394 quietis,
1032 4342 1100 4377 cum
1129 4323 1223 4377 beatis
1254 4324 1392 4392 consequi
1422 4340 1598 4378 mereamur.

549 4408 629 4463 Bene
646 4410 751 4474 valete,
772 4414 802 4463 et
819 4408 957 4480 pauperis
975 4406 1128 4462 Humfridi
1143 4407 1248 4478 jugem
1265 4406 1370 4462 habete
1389 4406 1582 4462 memoriam.¹

584 4718 590 4746 ¹
608 4717 634 4766 It
650 4717 672 4767 is
688 4725 734 4767 not
749 4719 911 4782 improbable,
922 4717 1049 4768 consider·
1099 4719 1177 4778 letter,
1189 4718 1245 4768 that
1255 4718 1276 4768 it
1287 4734 1338 4768 was
1349 4719 1447 4768 written
1463 4719 1499 4783 by
1517 4719 1600 4768 Hum-

549 4797 593 4862 ing
603 4797 654 4847 this
666 4799 857 4861 postscriptand
868 4798 911 4847 the
922 4798 1048 4847 reference
1099 4798 1162 4862 frey,
1178 4799 1228 4847 and
1245 4797 1293 4848 No.
1310 4798 1401 4850 CCVI.
1419 4799 1453 4862 by
1471 4798 1599 4849 Edmund.

550 4883 576 4926 to
587 4877 629 4928 the
641 4878 690 4928 last
700 4878 772 4928 times
791 4878 818 4926 in
829 4878 872 4928 the
883 4879 951 4942 body
963 4878 992 4926 of
1005 4877 1047 4928 the
1098 4877 1138 4928 Cf.
1150 4877 1198 4928 No.
1211 4876 1314 4928 CXCV.
