4192 6392
607 1192 671 1256 306
888 1202 1060 1252 nerstein
1082 1198 1376 1258 crurumrnusss

441 1382 579 1477 Jw‘upoe’
608 1380 759 1452 sanguinis
790 1380 929 1435 effusione
961 1379 1129 1450 acquisivit,
1156 1385 1287 1448 tempore
1316 1375 1408 1432 vestri
1439 1371 1594 1444 regiminis
1624 1370 1663 1424 ab

442 1435 532 1552 ,Ὺ
558 1445 688 1552 ¹¹⁸t‘omni
706 1465 904 1520 tribulationis
922 1464 1060 1535 angustia
1085 1463 1248 1534 dignemini
1269 1461 1411 1525 relevare,
1431 1465 1466 1514 ut
1483 1475 1548 1512 enm
1565 1454 1666 1527 oppri-

441 1522 579 1605 licebitl
610 1556 722 1605 mentes
740 1555 847 1605 vestrm
864 1549 1017 1620 potestatis
1035 1548 1165 1603 dominio
1189 1547 1331 1601 desistere
1355 1543 1556 1615 compellatis3
1582 1545 1667 1596 tante

441 1610 566 1714 ‘ssffi'fm
610 1635 703 1706 igitur
721 1634 911 1705 benignitatis
923 1634 1057 1689 ubertate
1070 1632 1241 1705 petitionem
1260 1631 1370 1687 domini
1382 1629 1463 1701 regis
1475 1632 1668 1697 nostramque

610 1719 715 1789 exequi
742 1718 914 1789 dignemini,
934 1724 969 1774 ut
994 1717 1159 1773 beatissimi
1183 1716 1324 1787 martyris
1350 1715 1517 1770 interventu
1544 1716 1575 1766 et
1598 1727 1666 1764 ves-

610 1807 723 1857 trorum
740 1802 923 1868 meritorum,
947 1802 1010 1857 dies
1028 1801 1121 1856 vestri
1142 1818 1282 1872 prospere
1309 1798 1510 1871 disponantur,
1530 1802 1562 1850 et
1578 1794 1667 1864 regni

610 1887 701 1942 vestri
719 1886 850 1957 potentia
867 1885 973 1940 deinde
991 1885 1092 1940 divino
1113 1885 1311 1939 moderamine
1330 1883 1485 1952 dirigetur,
1506 1885 1667 1952 gratesque

610 1971 693 2026 vobis
723 1970 884 2043 rependere
913 1970 1072 2025 debeamus
1102 1969 1275 2034 uberrimas,
1308 1967 1386 2040 quod
1421 1982 1523 2039 preces
1553 1962 1668 2018 domini

611 2055 692 2126 regis
709 2061 883 2127 nostrasque
894 2061 994 2112 vestre
1011 2054 1116 2110 fecerit
1133 2054 1306 2110 excellentis
1323 2053 1498 2108 fructuosae.
1529 2048 1647 2106 Velete.

474 2316 571 2368 Aurun-
614 2314 792 2372 cccxxss.
830 2315 981 2373 Gnummo
999 2330 1149 2371 sorrmonr
1166 2331 1202 2372 nr
1220 2331 1308 2372 secus
1325 2329 1536 2372 rnmsumnus
1551 2327 1667 2381 numu

1078 2415 1196 2456 emma.

442 2514 599 2612 ffiffivhflff
645 2518 836 2574 Accelerantc
858 2518 1047 2589 praesentium
1072 2518 1165 2573 latore
1191 2518 1229 2573 ud
1254 2536 1344 2582 mare,
1375 2517 1479 2573 saltem
1504 2515 1605 2586 aliqua
1625 2515 1810 2614 (1οῇ21ναὶτέ

442 2628 471 2660 ra
503 2619 550 2661 rior
610 2610 689 2658 statu
706 2609 806 2658 nostro
824 2603 907 2657 vobis
933 2602 1099 2672 significare
1125 2603 1248 2673 dignum
1276 2603 1363 2670 duxi;
1392 2601 1537 2657 habebitis
1564 2607 1665 2656 autem

441 2668 589 2771 fflffim
609 2688 749 2743 nuncium
767 2691 901 2743 nostrum
918 2686 1072 2759 proprium
1099 2688 1178 2742 infra
1202 2687 1280 2743 diem
1307 2687 1429 2743 tertium
1446 2686 1494 2743 vel
1513 2691 1662 2758 quartum.

442 2769 561 2823 imber
609 2771 747 2826 Misimus
785 2771 863 2825 enim
896 2770 1082 2826 Willelmum
1111 2772 1300 2843 pelliparium
1336 2771 1510 2835 Londonias,
1542 2780 1664 2841 propter

442 2819 598 2917 minem
609 2856 760 2928 pellicium
787 2855 913 2926 grisium
939 2861 969 2909 et
994 2873 1119 2925 pennam
1146 2856 1182 2909 de
1209 2856 1358 2920 liudeseie,
1388 2856 1458 2926 quia
1484 2872 1548 2910 eam
1576 2870 1665 2927 quam

441 2921 599 3015 mmm
611 2941 674 3011 ipse
690 2939 794 2994 habuit
811 2939 911 2994 stetim
928 2939 1070 3004 vendidit,
1092 2939 1161 3010 quia
1179 2957 1214 2994 ex
1232 2940 1320 3010 longe
1340 2939 1506 2995 detentione
1524 2939 1665 3010 perierat,

441 3020 550 3067 ΜΝ
610 3030 699 3095 prout
722 3023 787 3095 ipse
812 3022 969 3077 asserebat.
1009 3022 1124 3077 (laetere
1149 3041 1220 3077 vero
1249 3042 1314 3094 quae
1338 3023 1511 3094 postulastis
1537 3021 1665 3078 facimus

440 3072 595 3179 Qvi...
610 3107 779 3179 praeparari,
800 3124 868 3160 eum
889 3106 1075 3161 festinatione
1093 3107 1176 3162 vobis
1200 3107 1352 3163 mittenda.
1390 3109 1498 3162 Faetus
1517 3112 1563 3161 est
1579 3106 1666 3160 nobis

441 3174 497 3218 'm‘
610 3191 779 3246 cellerarius
798 3191 883 3262 cujus
901 3191 1014 3261 digitus
1038 3191 1102 3263 jam
1125 3210 1202 3246 nunc
1230 3194 1361 3263 grossior
1379 3206 1425 3248 est
1442 3192 1528 3247 dorso
1546 3197 1665 3263 patrum
1676 3193 1777 3291 {allino
1785 3196 1814 3238 xii

611 3294 740 3341 suorum,
760 3275 806 3331 vir
824 3275 918 3345 major
937 3281 1035 3330 mente
1064 3294 1151 3347 quam
1176 3294 1306 3348 corpore,
1327 3276 1411 3346 eujus
1439 3294 1527 3348 opera
1550 3276 1665 3330 utinam

441 3362 504 3426 l'her
512 3365 570 3410 heve
610 3378 737 3416 consona
755 3360 814 3415 sint
830 3359 942 3414 nomini
968 3366 998 3414 et
1023 3378 1083 3414 non
1108 3361 1252 3415 contraria
1278 3361 1393 3416 rationi.
1432 3360 1522 3415 Venit
1546 3358 1584 3414 ad
1611 3377 1666 3414 uos

440 3416 707 3511 iifflffifficomes
732 3443 910 3508 Willelmus,
931 3449 962 3498 et
987 3443 1088 3498 habito
1115 3463 1183 3499 cum
1210 3462 1244 3499 eo
1272 3444 1334 3500 solo
1360 3445 1500 3500 seoretius
1530 3444 1663 3507 consilio,

441 3517 557 3611 ‘gfflw
609 3529 767 3598 petivimus
785 3533 819 3582 ut
837 3529 915 3598 apud
941 3527 1044 3582 ducem
1072 3547 1125 3598 pro
1143 3529 1226 3587 nobis
1245 3536 1343 3599 partes
1363 3548 1430 3584 suus
1455 3530 1663 3598 interponeret.

552 3603 557 3619 '
610 3613 665 3681 Qui
694 3613 848 3682 spopondit
875 3612 952 3681 quod
980 3618 1074 3666 totum
1100 3631 1185 3683 posse
1214 3631 1299 3666 suum
1327 3615 1443 3667 feceret.
1482 3613 1601 3666 Dictum
1621 3618 1666 3665 est

610 3698 698 3750 etiam
717 3697 745 3749 ei
762 3696 894 3765 precise,
916 3696 993 3765 quod
1020 3715 1076 3767 perr
1101 3698 1270 3751 nullatcnus
1290 3698 1353 3751 ficri
1375 3703 1483 3768 posset,
1503 3697 1560 3750 nisi
1580 3698 1664 3767 prius

609 3788 698 3850 caput
715 3786 848 3834 nostrum
868 3781 1051 3851 subpriorem
1070 3782 1254 3846 haberemus,
1276 3783 1327 3852 qni
1345 3783 1433 3837 minis
1453 3789 1483 3836 et
1499 3782 1663 3836 terroribus

609 3865 806 3935 perturbatus,
840 3871 903 3919 erut
933 3866 970 3918 ad
1001 3865 1180 3920 cardinalem
1210 3869 1367 3937 profectus,
1400 3873 1430 3920 et
1459 3867 1516 3920 nisi
1553 3865 1666 3935 capella

609 3950 807 4013 demoliretur,
829 3955 857 4003 et
884 3950 981 4004 ablata
1007 3951 1243 4005 restituerentur.
1283 3951 1438 4006 Consuluit
1464 3952 1552 4004 etiam
1579 3950 1663 4003 nobis

611 4041 643 4086 ut
673 4033 754 4104 prius
785 4052 837 4104 per
861 4053 912 4088 nos
937 4035 965 4088 ei
991 4035 1233 4105 supplicaremus.
1259 4042 1416 4106 antequam
1439 4035 1552 4089 litteras
1583 4034 1665 4104 regis

441 4117 549 4161 sudant
610 4118 741 4171 aneim
772 4118 1001 4172 ostenderemus.
1050 4119 1134 4172 Unde
1164 4120 1298 4174 misimus
1331 4121 1359 4174 S.
1388 4120 1604 4174 thesaurarium
1636 4125 1666 4172 et

440 4170 588 4263 §fflignd'
611 4202 630 4255 J
632 4221 716 4255 onam
730 4202 845 4256 obviam
858 4203 936 4265 duci,
951 4204 1001 4273 qui
1021 4204 1153 4257 coronari
1173 4204 1268 4269 debet,
1284 4205 1362 4259 sient
1373 4224 1470 4259 comes
1483 4204 1565 4258 nobis
1579 4204 1663 4258 dixit.

440 4271 550 4366 ffi‘he
610 4287 764 4341 Dominica
794 4294 860 4341 ante
890 4287 1083 4341 Nativitatem
1113 4288 1227 4343 Senotru
1257 4289 1368 4344 Muris».
1413 4290 1457 4343 Ex
1493 4306 1543 4342 oro
1574 4288 1664 4340 etiam

609 4372 723 4427 comitis
754 4372 929 4442 accepimus,
958 4371 1036 4441 quod
1066 4371 1124 4426 dux
1153 4391 1256 4443 pacem
1284 4373 1503 4429 Cantuuricnsis
1531 4372 1664 4426 ecclcsize¹

608 4456 763 4520 desiderat,
784 4463 814 4511 et
836 4456 873 4511 ad
898 4474 962 4510 enm
981 4456 1144 4511 faciendam
1168 4458 1292 4512 anhelat.
1329 4458 1575 4529 Archiepiseopus
1594 4474 1665 4511 vero

607 4558 714 4610 gressu
733 4541 895 4606 formicin0,
914 4540 1004 4594 immo
1030 4540 1205 4607 testudineo,
1225 4542 1403 4597 Wintoniam
1428 4542 1475 4596 vel
1500 4541 1665 4595 Londonias

439 4618 560 4713 ffiffl'
607 4625 709 4687 tendit,
740 4625 865 4695 gratiam
893 4624 975 4678 ducis
1002 4630 1032 4678 et
1058 4625 1168 4695 regium
1193 4644 1252 4680 nou
1281 4626 1390 4680 habens
1412 4626 1469 4679 nisi
1488 4644 1542 4696 pro
1562 4642 1664 4680 neces·

438 4685 577 4782 meepingto
607 4709 693 4763 sitate
712 4709 862 4778 temporie,
886 4708 963 4762 sicut
982 4708 1100 4763 dicitur.
1136 4709 1204 4764 Non
1230 4709 1308 4763 cuim
1326 4710 1401 4765 sidit
1419 4727 1482 4763 eum
1506 4718 1662 4781 postquam

438 4774 594 4873 gffl'ssoffi‘ss
607 4794 687 4848 venit
706 4792 736 4846 in
758 4793 907 4863 Anglium.
945 4792 1055 4862 Accepi
1075 4812 1092 4848 a
1111 4794 1236 4864 quodam
1254 4794 1318 4848 viro
1336 4812 1452 4864 magno,
1473 4795 1552 4865 quod
1569 4795 1664 4849 arehi-

436 4873 550 4966 ffigblt'ffi}
608 4877 761 4949 episeopus
787 4877 824 4930 ud
849 4877 903 4931 hoe
928 4876 1050 4939 laborat,
1077 4884 1108 4932 et
1124 4879 1220 4932 modis
1240 4878 1373 4932 omnibus
1393 4878 1546 4941 laborabit,
1567 4885 1601 4933 ut
1627 4878 1664 4932 ud

437 4974 572 5018 intentione.
607 4962 696 5032 pedes
716 4961 779 5030 ejus
798 4961 915 5015 veniam
934 4962 1099 5031 postuletis,
1119 4963 1293 5034 promittens
1305 4981 1403 5017 coram
1422 4963 1558 5017 omnibns
1576 4962 1665 5017 mise·

606 5046 761 5102 ricorditer
787 5047 938 5101 vobiscum
957 5048 1122 5101 facturum:
1144 5048 1205 5111 scd,
1227 5048 1304 5103 sicut
1331 5047 1489 5119 praedictus
1516 5048 1563 5104 vir
1589 5048 1663 5101 mihi

607 5132 748 5186 secretius
780 5130 862 5197 dixit,
882 5130 1115 5205 indignationem
1145 5133 1236 5188 vellet
1265 5133 1427 5191 remittere.
1465 5132 1516 5188 sed
1548 5150 1665 5203 poenam
