4192 6392
643 1217 709 1280 220
921 1227 1091 1277 aersrona
1114 1225 1406 1289 campanenses,

489 1408 544 1502 hp.
553 1412 610 1451 nes.
640 1405 867 1476 appellationem
879 1406 1091 1480 interpositam,
1106 1407 1136 1462 in
1154 1406 1359 1478 praejudicium
1370 1413 1503 1462 nostrum
1515 1410 1546 1459 et
1557 1403 1691 1459 ecclesis

471 1471 593 1565 Theffi',
639 1489 697 1543 sibi
727 1490 889 1546 commissa
919 1489 1036 1547 honoris
1068 1496 1098 1547 et
1127 1491 1279 1563 dignitatis
1309 1489 1503 1562 dispendium,
1534 1487 1691 1544 eeclesiam

470 1571 583 1675 {mg
640 1573 785 1643 quandem
803 1593 821 1630 a
837 1575 930 1631 latere
955 1576 992 1631 de
1020 1575 1152 1647 portione
1180 1576 1350 1632 substantiae
1374 1593 1439 1647 quae
1463 1591 1516 1629 nos
1535 1572 1689 1644 contingit,

471 1673 612 1724 ‹leetroytne
639 1658 743 1727 patriis
762 1659 868 1715 finibus
886 1677 944 1716 non
963 1665 1126 1726 contentus,
1146 1660 1269 1715 fundare
1287 1658 1469 1724 intenderet;
1489 1675 1543 1713 nee
1561 1657 1600 1713 ad
1616 1657 1691 1730 peti-

469 1723 622 1818 ssffissffl'
638 1741 747 1796 tionem
765 1750 905 1808 nostram,
925 1762 978 1800 nec
996 1745 1034 1799 ad
1053 1745 1161 1800 summi
1181 1744 1328 1816 pontificis
1345 1743 1581 1815 prohibitionem,
1595 1761 1614 1797 a
1624 1759 1692 1815 pro·

470 1824 541 1920 {iffi
541 1875 565 1919 11.
638 1827 734 1896 posito
752 1826 915 1893 desisteret,
936 1829 1006 1900 quia
1023 1829 1167 1885 voluntati
1190 1829 1255 1901 ejus
1279 1829 1311 1884 in
1334 1827 1539 1900 prejudicium
1557 1825 1691 1883 ecelesiae

638 1918 744 1966 nostrae
771 1930 827 1966 non
853 1912 1067 1983 adquievimus,
1088 1919 1197 1969 statum
1214 1913 1356 1978 eeclesiae,
1380 1913 1432 1984 qui
1454 1929 1549 1984 usqne
1571 1911 1610 1966 ad
1626 1910 1691 1966 haeo

638 2000 770 2065 tempora
787 1995 985 2051 Romanorum
1002 1996 1172 2069 pontificum
1183 1996 1350 2069 privilegiis
1368 1996 1564 2061 confirmatus,
1583 2011 1690 2068 regum

639 2085 669 2134 et
686 2080 857 2150 pontificum
875 2087 1042 2137 sanctorum
1067 2081 1238 2153 perduravit
1267 2082 1356 2137 cartis
1375 2088 1406 2138 et
1423 2078 1690 2137 confirmationibus

638 2163 851 2228 corroboratus,
872 2166 1042 2221 subvertere
1061 2175 1092 2221 et
1109 2165 1271 2222 adnihilare
1286 2165 1423 2237 disponit.
1461 2166 1501 2220 Et
1516 2182 1554 2220 ne
1571 2162 1691 2220 tandem

639 2265 728 2318 super
745 2248 792 2304 his
810 2249 938 2305 humana
961 2249 1118 2305 aestimatio
1142 2268 1207 2321 quar
1232 2251 1337 2306 leviter
1363 2249 1427 2305 falli
1451 2254 1557 2321 potest,
1577 2248 1690 2320 elique-

639 2338 724 2388 tenus
742 2333 900 2398 dubitaret,
920 2333 1009 2406 hujus
1028 2335 1073 2389 rei
1098 2335 1194 2407 gratia
1218 2335 1306 2390 rebus
1331 2340 1362 2389 et
1384 2333 1547 2389 redditibus
1572 2332 1689 2405 spoliati

640 2436 741 2473 snmus
760 2419 915 2483 universis,
935 2419 978 2474 ita
1002 2419 1082 2490 quod
1105 2420 1142 2475 ab
1166 2419 1285 2476 Octavia
1313 2418 1486 2489 Epiphaniae
1505 2435 1561 2473 nee
1577 2416 1690 2473 victum

639 2503 726 2558 unius
745 2503 804 2558 diei
822 2503 859 2558 de
877 2504 956 2558 omni
975 2503 1139 2560 substantia
1150 2510 1250 2560 nostre
1268 2521 1356 2575 quam
1374 2502 1530 2558 habuimus
1548 2501 1579 2556 in
1590 2501 1688 2567 terris,

640 2587 692 2643 sed
709 2593 770 2643 toto
793 2588 848 2644 hoc
875 2594 1006 2660 tempore
1033 2607 1195 2660 pauperum
1220 2593 1251 2644 et
1274 2587 1497 2659 peregrinorum
1514 2585 1642 2642 viximus
1660 2594 1692 2642 et

638 2673 734 2728 adhue
752 2679 910 2744 utrumque
922 2673 1052 2729 vivimus
1071 2673 1275 2744 eleemosynis,
1289 2678 1440 2744 sperantes
1458 2676 1489 2727 et
1506 2675 1690 2743 expectentes

639 2756 671 2811 in
688 2757 877 2813 tribulatione
893 2764 993 2813 nostra
1011 2757 1047 2812 ab
1072 2757 1212 2813 uberibus
1237 2756 1442 2812 consolationis
1460 2755 1533 2827 Ejus
1552 2755 1689 2819 refoveri,

640 2841 697 2910 Qui
715 2842 804 2898 etiam
828 2842 858 2897 in
876 2842 922 2897 ira
941 2842 1002 2898 Sua
1024 2842 1178 2898 consuevit
1204 2840 1413 2896 misericordiae
1436 2839 1596 2896 reminisci.
1633 2840 1689 2895 Ea·
1702 2840 1814 2887 Mil

639 2933 759 2998 propter
777 2927 924 2983 sanctitati
942 2935 1048 2983 vestrae
1072 2945 1173 2982 omnes
1197 2933 1227 2982 et
1251 2925 1361 2997 singuli
1380 2924 1580 2996 supplicemus
1598 2930 1690 2981 atten-

640 3012 709 3075 tius,
730 3018 873 3083 quatenus
891 3011 999 3067 divium
1016 3010 1211 3067 miserationis
1236 3010 1345 3066 intuitu
1363 3015 1394 3064 et
1411 3009 1532 3082 gloriosi
1549 3009 1690 3081 martyris

640 3096 760 3152 Thomas
778 3097 907 3163 obtentu,
929 3115 1047 3153 causam
1074 3096 1295 3152 eanmariensis
1322 3094 1454 3150 ecelesia
1481 3112 1516 3149 ea
1543 3112 1602 3165 qua
1624 3113 1692 3150 eon·

639 3180 778 3236 saevistis
796 3182 904 3252 pietate
926 3182 1025 3237 fovere
1044 3180 1217 3252 dignemini,
1235 3185 1265 3235 et
1283 3197 1337 3250 pro
1355 3177 1438 3234 nobis
1459 3177 1528 3233 filiis
1546 3182 1576 3231 et
1594 3178 1692 3234 fratri·

638 3265 693 3321 bus
711 3266 817 3322 vestris
836 3265 913 3338 apud
931 3265 1028 3322 Deum
1052 3272 1083 3322 et
1105 3265 1237 3320 homines
1255 3270 1353 3336 partes
1372 3269 1484 3319 vestras
1505 3262 1692 3335 interponere

640 3350 670 3405 in
699 3357 832 3423 tempore
862 3356 1034 3424 opportuno.
1083 3349 1190 3406 Valeat
1219 3355 1319 3405 sancta
1342 3347 1501 3421 paternitas
1531 3353 1641 3412 vestra,
1661 3351 1692 3403 et

639 3436 814 3491 miserorum
851 3435 1066 3493 calamitatibus
1106 3433 1262 3491 subvenire
1298 3432 1436 3506 dignetur
1472 3431 1571 3488 innata
1606 3432 1691 3488 vobis

639 3520 848 3576 benevolentia.

515 3766 584 3809 eune.
640 3755 834 3812 OGXXXIX.
856 3756 989 3811 Rlnmro
1001 3773 1111 3812 necaro
1123 3756 1256 3813 aaaron
1269 3758 1437 3816 Centaurus
1451 3761 1690 3817 claromonten.

473 3898 521 3939 'llio
529 3901 626 3940 convent
676 3887 751 3954 Quia
768 3905 819 3941 vos
838 3887 868 3941 in
887 3887 1088 3957 persecutione
1112 3896 1212 3943 nostra
1237 3889 1357 3944 unicum
1382 3897 1412 3945 et
1438 3890 1587 3961 singulare
1614 3892 1692 3945 relu-

472 3948 733 4042 fflffifiaflgium,
754 3971 832 4026 etin
862 3972 1048 4026 tribulatione
1076 3972 1170 4027 solum
1198 3973 1361 4028 invenimus
1388 3974 1533 4038 solatium,
1562 3975 1633 4030 licet
1656 3993 1693 4029 er

471 4049 628 4142 tdrilldbidl
641 4056 771 4120 caritate,
792 4057 823 4109 in
842 4074 900 4126 qua
918 4055 1006 4110 timor
1033 4062 1165 4120 nonest,
1186 4056 1342 4112 timeamus
1368 4060 1521 4124 offendere,
1543 4061 1613 4130 quia
1636 4061 1814 4115 homedeus

473 4151 513 4212 tna
522 4151 586 4212 areli-
641 4159 736 4195 causa)
748 4146 854 4194 nostrae
868 4139 1004 4209 expedire
1018 4139 1206 4205 credidimus,
1221 4141 1344 4212 dignum
1357 4143 1492 4198 duximus
1505 4144 1688 4215 supplicare;
1702 4117 1735 4158 ¹⁸*

472 4201 620 4300 &efflue
642 4231 784 4295 quatenus
804 4225 829 4278 si
857 4223 992 4280 dominus
1020 4225 1256 4296 archiepiscopus
1284 4234 1392 4291 noster,
1419 4238 1506 4298 prout
1532 4228 1611 4300 apud
1637 4248 1690 4284 nos
1703 4238 1814 4332 &unam

471 4302 621 4397 miletum
640 4328 740 4363 rumor
759 4314 812 4372 est,
833 4308 869 4362 ad
896 4326 998 4379 regem
1017 4309 1148 4364 Francius
1173 4328 1267 4381 nuper
1291 4329 1462 4367 accessurus
1480 4318 1534 4377 est,
1554 4312 1592 4367 ad
1612 4331 1690 4378 eum,
1704 4302 1808 4385 ,ffiw‘

472 4366 622 4466 tribunale
640 4394 665 4448 si
693 4400 790 4448 tamen
815 4399 908 4456 vacat,
941 4399 971 4447 et
1000 4392 1031 4446 id
1056 4411 1146 4464 prope
1177 4399 1207 4448 et
1237 4394 1346 4466 absque
1376 4403 1475 4452 vestra
1504 4396 1568 4451 fieri
1598 4398 1693 4468 possit

471 4456 617 4550 {mmm
639 4478 783 4542 molestia,
804 4477 948 4533 accedatis
967 4477 1165 4548 supplicantes
1193 4479 1221 4533 oi
1238 4485 1273 4534 ut
1297 4497 1349 4535 nos
1376 4481 1406 4535 in
1425 4486 1533 4536 statum
1558 4488 1691 4538 nostrum

639 4564 786 4627 restituat,
807 4567 837 4617 et
854 4568 889 4616 ut
906 4569 1024 4633 patrum
1042 4580 1163 4616 suorum
1181 4564 1315 4619 torminis
1334 4571 1486 4621 contentus
1506 4573 1598 4622 metas
1618 4586 1690 4638 quas

640 4649 696 4719 ipsi
716 4648 929 4703 constituerunt
946 4665 1004 4700 nou
1028 4652 1166 4702 transeat.
1217 4648 1257 4703 Et
1275 4649 1345 4719 quia
1374 4650 1428 4705 hoc
1452 4650 1534 4705 vobis
1559 4652 1638 4722 quod
1661 4659 1692 4706 et

640 4733 753 4788 caeteris
766 4730 926 4793 consucvit,
941 4730 1018 4786 sicut
1030 4730 1186 4795 credimus
1201 4750 1394 4804 responsurus
1407 4740 1461 4798 est,
1476 4734 1598 4800 seilicet,
1614 4735 1692 4804 quod

640 4818 765 4872 libenter
782 4821 882 4870 nostra
899 4814 982 4868 nobis
1001 4813 1139 4879 dimittet,
1159 4816 1185 4871 si
1204 4833 1239 4872 ea
1256 4817 1292 4872 de
1310 4818 1375 4888 ipso
1386 4825 1486 4874 tenere
1497 4820 1689 4884 voluerimus,

640 4901 844 4957 convenienter
875 4897 1051 4968 respondere
1081 4901 1226 4970 poteritis,
1247 4901 1325 4973 quod
1350 4920 1405 4959 nee
1431 4922 1483 4959 nos
1514 4923 1567 4961 nee
1592 4912 1690 4976 patres

639 4987 731 5041 nostri
750 4985 786 5040 de
805 4990 886 5055 patre
905 4979 953 5037 vel
971 4983 1140 5054 parentibus
1159 4985 1223 5056 ejus
1247 4986 1402 5057 aliquando
1425 4988 1539 5060 aliquid
1562 4991 1691 5046 tenuisse

640 5069 844 5124 meminimus:
871 5085 986 5122 omnem
1005 5085 1076 5122 vero
1099 5069 1296 5125 humilitatem
1315 5075 1345 5124 et
1363 5070 1558 5127 obedientiam
1576 5073 1615 5140 ei,
1629 5084 1691 5130 tau·

641 5172 728 5224 quam
747 5153 823 5225 patri
841 5158 941 5208 nostro
959 5158 990 5208 et
1002 5152 1120 5224 rrasteri,
1135 5153 1230 5224 parati
1249 5172 1350 5211 sumus
1369 5155 1505 5213 exhibere
1520 5157 1608 5227 juxta
1625 5177 1690 5215 oon·
