4192 6392
604 1173 667 1240 264
886 1189 1368 1252 aristosaesnrmmrssss,

457 1373 577 1415 ,anum
604 1365 642 1419 ael
678 1366 794 1435 pietatis
830 1373 935 1421 restrae
972 1367 1086 1421 viscera
1115 1367 1144 1420 in
1174 1366 1347 1421 necessitate
1383 1373 1484 1417 nostra
1519 1362 1654 1415 securius

437 1436 588 1530 ffffifflssl
605 1450 773 1504 censuimus
800 1469 864 1506 esso
888 1452 1108 1514 recurrendum,
1130 1456 1280 1522 sperantes
1299 1465 1401 1504 eorum
1418 1446 1586 1501 nullatenus
1605 1444 1656 1498 de-

436 1537 498 1580 then
606 1534 734 1588 fraudari
762 1535 875 1599 solatio,
896 1550 1020 1605 quorum
1044 1536 1076 1589 in
1094 1535 1265 1606 obsequium
1284 1533 1407 1589 accincti
1425 1549 1526 1586 sumus
1544 1536 1575 1584 et
1592 1547 1656 1584 cor-

434 1588 543 1632 tmuffloe'
604 1636 674 1689 pere
693 1627 723 1673 et·
739 1620 844 1673 animo.
882 1619 957 1673 Sane
976 1620 1099 1690 quiade
1119 1625 1212 1674 status
1230 1618 1330 1683 nostri,
1349 1617 1438 1671 immo
1455 1613 1656 1669 destitutionis

462 1700 565 1744 ΜΝ·
604 1713 710 1759 nostra
737 1703 857 1758 miseria
880 1704 1067 1758 dilectionem
1090 1710 1219 1758 vestram
1248 1722 1306 1756 non
1335 1701 1470 1771 ignorare
1495 1698 1653 1761 credimus,

603 1788 784 1858 superfluum
802 1789 917 1843 videtur
935 1795 964 1843 et
982 1806 1089 1843 vanum
1107 1788 1183 1842 velle
1194 1787 1377 1849 describere,
1398 1790 1469 1855 quot
1488 1790 1518 1837 et
1536 1780 1655 1853 quantis

602 1872 696 1927 allecti
715 1890 816 1926 sumus
835 1873 961 1944 injuriis,
977 1873 1083 1943 quibus
1097 1872 1246 1943 provocati
1265 1870 1404 1940 angariis,
1425 1867 1503 1923 etad
1515 1866 1654 1921 ultimum

604 1973 691 2025 quarn
709 1957 872 2011 numerosis
890 1957 1007 2028 spoliati
1024 1957 1258 2027 possessionibus
1278 1961 1308 2009 et
1319 1953 1442 2008 divitiis.
1477 1951 1524 2005 Ab
1542 1949 1654 2004 octavis

604 2040 681 2092 enim
720 2040 900 2110 Epiphaniae,
941 2040 1056 2111 quando
1087 2041 1224 2095 universa
1260 2058 1324 2110 qum
1354 2037 1509 2094 habuimus
1546 2041 1654 2105 praeter

603 2125 764 2178 claustrum
790 2131 820 2179 et
844 2143 965 2196 corpora
991 2125 1136 2179 violenter
1161 2132 1191 2179 et
1214 2121 1441 2179 extraordinarie
1460 2120 1557 2174 ablata
1575 2128 1653 2182 sunt,

603 2207 734 2262 fidelium
751 2208 878 2263 viximus
898 2216 928 2264 et
945 2208 1040 2263 adhuc
1059 2216 1217 2279 utrumque
1241 2208 1369 2262 vivimus
1389 2203 1593 2273 eleemosynis,
1613 2203 1656 2256 ita

604 2298 637 2346 ut
648 2310 715 2346 eum
727 2293 811 2347 beato
824 2293 843 2346 J
844 2294 881 2346 ob
893 2293 1033 2364 flagellati
1047 2299 1077 2347 et
1089 2294 1198 2357 afflicti,
1217 2293 1362 2346 veraciter
1379 2290 1525 2362 possimus
1544 2287 1652 2349 dicere,
1719 2322 1722 2328 ,

605 2380 623 2402 “
644 2395 708 2446 quae
720 2377 803 2447 prius
820 2377 937 2431 nolebat
952 2383 1074 2446 tangere
1088 2378 1185 2431 anima
1195 2395 1270 2439 mea,
1284 2394 1360 2430 nunc
1372 2393 1433 2446 prae
1446 2373 1584 2444 angustia
1595 2371 1655 2426 eibi
1667 2377 1712 2424 Joe
1721 2381 1751 2425 ri
1760 2384 1776 2428 z

602 2461 698 2514 “mei
724 2461 819 2515 sirnt.'’
857 2461 904 2515 Ad
929 2462 1101 2515 memoriam
1128 2462 1229 2531 igitur,
1250 2462 1274 2514 si
1301 2461 1405 2532 placet,
1426 2462 1596 2512 revocantes
1624 2457 1656 2511 in

603 2551 711 2615 quanta
728 2545 921 2600 amaritudine
940 2546 1037 2599 anima
1056 2563 1156 2600 eorum
1175 2552 1229 2609 est,
1244 2553 1274 2600 et
1287 2563 1373 2615 quam
1386 2544 1471 2614 gravi
1490 2543 1657 2596 afficiuntur

603 2629 703 2683 dolore
740 2636 770 2684 et
806 2629 1017 2692 erubescentia,
1057 2648 1123 2684 eum
1154 2617 1279 2684 aliorum
1309 2634 1455 2699 eoguntur
1490 2625 1657 2680 mendicare

437 2731 547 2783 rippa...
604 2713 753 2783 suffragia,
774 2715 824 2784 qui
844 2718 1058 2768 consueverunt
1077 2732 1198 2783 erogare
1224 2714 1399 2784 obpropria,
1424 2712 1508 2766 nobis
1526 2712 1557 2765 in
1575 2718 1657 2764 arcto

435 2785 567 2877 ἑζξῗξῶζζη
603 2797 706 2867 positis
725 2798 757 2850 in
774 2797 873 2867 aliquo
892 2798 1048 2852 subvenire
1062 2798 1242 2869 dignemini3
1263 2798 1479 2852 considerantes
1499 2795 1570 2866 quia
1581 2794 1655 2848 nihil

604 2881 736 2936 securius
755 2888 801 2935 est
828 2881 925 2950 quoad
951 2882 1166 2946 conscientiam,
1187 2900 1275 2953 quam
1301 2901 1353 2951 pro
1379 2880 1518 2934 fratribus
1545 2878 1656 2933 animas

603 2983 720 3036 ponere,
742 2966 784 3018 sie
802 2966 876 3019 nihil
896 2966 1054 3036 gloriosius
1074 2973 1119 3020 est
1137 2967 1232 3037 quoad
1251 2969 1367 3029 famam,
1388 2983 1476 3036 quam
1494 2981 1656 3035 pauperum

604 3057 634 3104 et
663 3049 891 3103 mendicantium
909 3049 1040 3103 relevare
1068 3051 1204 3121 inopiam.
1241 3050 1359 3105 Moveat
1389 3051 1488 3120 itaque
1515 3048 1656 3119 pietatem

604 3142 732 3188 vestram
773 3139 911 3188 matorum
954 3134 1127 3189 calamitatis
1164 3136 1293 3198 miseria,
1331 3135 1455 3189 fratrum
1490 3138 1656 3187 vestrorum

604 3217 753 3272 tribulatio
783 3224 813 3271 et
842 3217 987 3289 angustia,
1017 3220 1142 3289 exempli
1172 3219 1316 3298 pernicies
1342 3219 1449 3273 suturis
1475 3216 1656 3287 temporibus

437 3320 580 3372 'triennem
605 3300 796 3357 formidanda.
835 3301 930 3372 Prope
959 3303 1037 3356 enim
1059 3309 1113 3366 est,
1137 3309 1169 3358 ut
1191 3304 1220 3357 in
1245 3304 1417 3357 servitutem
1435 3302 1608 3372 redigantur
1627 3307 1656 3355 et

438 3372 575 3463 fifflffiflfl
605 3385 658 3438 filii
677 3396 706 3440 et
718 3385 795 3448 lilim,
810 3387 836 3440 si
855 3386 974 3441 libertas
993 3388 1139 3458 generalis
1152 3389 1234 3458 prius
1247 3388 1337 3442 fuerit
1348 3395 1479 3442 materno
1498 3385 1656 3457 subjugata

438 3473 563 3533 sollennia
605 3469 635 3523 in
665 3471 784 3524 vertice.
822 3470 936 3533 Valete‚
969 3472 1075 3526 fratres
1113 3471 1305 3537 dilectissimi,
1338 3479 1376 3531 et¹
1394 3472 1472 3541 rurud
1502 3470 1599 3524 Deum
1626 3479 1656 3524 et

437 3524 738 3617 iiiffiiissi'fhomirres
766 3562 862 3624 partes
889 3560 1001 3608 vestras
1028 3556 1245 3626 interponenda
1275 3556 1357 3610 nobis
1387 3554 1526 3611 fratribus
1546 3554 1653 3609 vestris

602 3636 666 3706 jam
680 3637 743 3707 jam
761 3638 995 3707 periclitantibus
1014 3640 1149 3694 auxiliari
1167 3639 1337 3710 dignemini,

636 3778 675 3830 Ia
700 3777 815 3831 osiridem
843 3778 955 3832 niodum
979 3778 1124 3833 abbatibus
1144 3785 1168 3834 et
1192 3781 1367 3836 reumatibus
1387 3781 1486 3838 Sir-neb?
1509 3780 1624 3845 iliberri,

832 3863 1069 3917 tremescere-ii
1084 3870 1108 3917 et
1126 3865 1195 3918 aliis
1211 3865 1432 3935 pirronpbnibns.

667 4119 855 4176 CCLXXXI.
894 4123 1062 4179 Corrrrrrs
1082 4122 1310 4180 Cssrummssrs
1329 4126 1485 4182 Hsnrmso
1506 4143 1601 4183 resurr

1040 4209 1220 4265 annesrra.

441 4354 595 4416 unwanus
645 4339 862 4393 Ururtuariensis
900 4339 1022 4395 eeclesia
1061 4360 1148 4411 elnam
1185 4343 1322 4399 nobiliter
1358 4343 1487 4408 i'umlata,
1521 4352 1592 4414 quot
1627 4353 1656 4397 et

441 4409 585 4501 ffiffisss's'
610 4422 724 4491 qumrtis
752 4423 847 4478 dioata
874 4430 903 4478 et
930 4425 1036 4479 ‹lonata
1063 4427 1102 4480 sit
1128 4428 1370 4496 possessionibus,
1398 4427 1427 4480 in
1454 4437 1564 4498 quanta
1592 4448 1655 4498 pro·

441 4508 596 4602 [pipp-evene
609 4507 746 4576 speritate
764 4513 793 4562 et
811 4508 958 4562 affluentia
975 4527 1073 4563 rerum
1088 4512 1292 4581 temporalium
1311 4531 1403 4581 usque
1423 4513 1459 4565 ad
1478 4513 1540 4567 lueo
1559 4523 1656 4568 nostra

440 4572 453 4600 ⁰
481 4572 495 4601 ⁰
520 4572 571 4604 uns.
608 4593 961 4663 temporaperduraverit,
977 4605 1006 4649 et
1025 4602 1119 4650 voset
1137 4597 1209 4651 alios
1229 4599 1334 4651 fratres
1353 4598 1655 4652 vestrossatiseredi·

608 4695 673 4730 mus
692 4677 808 4731 audisse
828 4686 857 4731 et
876 4679 993 4733 vidisse.
1032 4679 1118 4733 Nune
1145 4687 1241 4734 autem
1260 4682 1348 4735 rebus
1377 4688 1406 4735 et
1434 4681 1596 4736 redditibus
1615 4684 1654 4736 ita

609 4761 731 4830 spoliata
749 4769 795 4816 est
813 4762 967 4828 universis
988 4765 1066 4834 quod
1093 4765 1129 4818 ab
1155 4765 1264 4820 octaris
1283 4766 1455 4836 Epiphaniae
1473 4784 1526 4820 neo
1545 4767 1655 4820 vietum

608 4845 694 4898 nnius
713 4844 771 4899 diei
791 4845 955 4912 habuimus,
977 4866 1010 4900 ex
1032 4849 1166 4903 omnibus
1186 4867 1250 4919 quie
1269 4868 1320 4920 pro
1343 4850 1435 4903 saluto
1455 4868 1508 4903 sua
1526 4850 1655 4905 ecelesiae

608 4935 713 4983 nostrai
740 4948 825 5000 reges
856 4937 886 4984 et
915 4931 1062 5001 principes
1093 4934 1247 5003 magnifiee
1276 4934 1470 4997 contulerunt,
1499 4935 1551 4988 sed
1579 4934 1656 5005 quod

608 5012 773 5069 miserabile
792 5020 846 5077 est,
868 5014 952 5068 etde
972 5024 1032 5069 tam
1051 5016 1142 5071 nobili
1161 5017 1285 5072 eeclesia
1303 5036 1452 5088 nunquam
1470 5019 1553 5088 prius
1572 5018 1653 5073 audi·

608 5104 861 5168 tun1,paupe1·um
887 5104 917 5154 et
935 5099 1157 5170 peregrinorum
1184 5108 1245 5157 toto
1273 5101 1327 5157 hoe
1354 5102 1447 5174 spatio
1472 5103 1598 5158 risimus
1627 5113 1656 5158 et
