4192 6392
607 1155 670 1218 140
889 1169 1061 1220 mrsrotn
1083 1169 1371 1233 esurumrsusrs,

454 1355 506 1398 11).
515 1359 572 1401 nse.
605 1363 722 1400 oausam
740 1355 869 1403 nostram
887 1348 995 1404 dicitur
1012 1348 1169 1420 aliquando
1193 1349 1365 1420 suscepisse.
1403 1348 1435 1404 Is
1459 1349 1559 1420 itaquo
1584 1343 1658 1418 quid

438 1406 543 1461 mum
551 1413 583 1452 ²⁰·
605 1431 735 1486 facturus
754 1432 890 1487 credatur
907 1434 962 1488 hoc
980 1439 1121 1505 tempore,
1141 1451 1209 1487 oum
1232 1433 1307 1487 nihil
1325 1434 1432 1489 clamet
1449 1432 1574 1488 mundns
1598 1429 1658 1485 uisi

604 1515 832 1572 abominationes
855 1517 886 1572 in
912 1535 965 1572 vos
991 1523 1182 1589 perpetratas,
1201 1517 1276 1572 nihil
1296 1518 1354 1572 uisi
1372 1518 1534 1572 inauditam
1552 1515 1657 1570 sdver-

605 1600 749 1655 sariorum
761 1601 892 1655 rabiem!
922 1601 1068 1673 Tempora
1079 1603 1188 1658 etenim
1206 1608 1371 1672 martyrum
1383 1602 1534 1674 praeterita
1546 1601 1573 1656 si
1590 1618 1657 1672 per-

605 1702 765 1750 curramus,
779 1687 829 1740 vix
846 1686 894 1740 vel
913 1704 1004 1740 unum
1021 1687 1077 1741 hoc
1095 1703 1203 1756 genere
1221 1687 1357 1759 martyrii
1376 1692 1554 1741 maceratum
1573 1684 1657 1739 inve·

604 1769 711 1823 nimus.
757 1769 790 1824 Si
814 1775 1027 1824 tormentorum
1060 1770 1217 1841 qualitates
1245 1776 1275 1826 et
1300 1770 1468 1825 carnificum
1495 1769 1655 1832 cruciatus,

604 1853 656 1924 qui
673 1871 724 1908 vos
743 1859 860 1924 torquet
885 1854 1021 1909 subtilior
1046 1854 1104 1909 erit
1130 1853 1242 1919 multis,
1270 1854 1322 1909 sed
1347 1854 1447 1909 nullus
1473 1854 1604 1908 imitator
1624 1852 1657 1906 in

603 1937 689 1991 modo
707 1937 866 1992 cruciandi.
902 1937 1040 1993 Libenter
1058 1938 1152 2007 igitur
1169 1938 1287 1993 iuterim
1306 1937 1397 1993 bibite
1416 1937 1494 2008 quod
1511 1936 1601 2000 dolet,
1621 1941 1656 1992 ut

433 2040 497 2094 they
505 2043 587 2084 metet
604 2019 681 2090 quod
710 2021 817 2091 optetis
847 2020 988 2091 gaudium
1018 2021 1222 2091 subsequatur.
1271 2020 1333 2076 Nos
1351 2038 1421 2076 vero
1439 2021 1470 2075 iu
1493 2020 1655 2076 festivitate

432 2092 565 2187 §5225ss
604 2103 778 2159 Sanctorum
796 2104 918 2160 Fabiani
945 2110 975 2159 et
1002 2103 1167 2160 Sebastiani
1191 2104 1269 2177 apud
1295 2105 1433 2161 Senotum
1451 2104 1655 2159 Audomerum

432 2173 532 2261 thenis
603 2206 704 2244 omnes
722 2206 772 2244 sex
790 2206 807 2242 e
825 2188 941 2243 diverso
959 2190 1167 2254 convenimus;
1187 2190 1218 2243 in
1236 2191 1362 2245 crastino
1385 2189 1545 2261 profecturi
1563 2206 1656 2260 quen·

433 2258 587 2354 ξῇᾞοπζζ
602 2278 666 2327 tum
687 2289 809 2343 corpora
830 2279 930 2328 nostre
950 2273 1011 2344 pati
1028 2277 1166 2343 poterunt
1183 2273 1230 2328 vel
1245 2273 1385 2343 jumenta.
1422 2273 1537 2328 Valete.
1576 2272 1656 2328 Scri·

602 2356 728 2411 bendum
746 2374 820 2412 novo
838 2374 921 2429 papae
946 2357 973 2412 si
997 2357 1126 2428 possitis.
1166 2357 1219 2413 Sin
1239 2362 1346 2422 autem,
1369 2357 1448 2429 quod
1473 2357 1571 2413 minus
1596 2358 1655 2414 erit

602 2440 633 2495 in
657 2441 756 2496 littera
784 2458 839 2495 vox
865 2441 933 2496 viva
962 2442 1120 2513 supplebit.
1158 2442 1320 2498 Conservat
1343 2443 1375 2497 in
1398 2441 1482 2497 vobis
1510 2442 1654 2498 Dominus
1667 2447 1799 2502 Euhias

602 2525 745 2580 unitatem
764 2524 893 2596 Spiritus
911 2526 942 2580 in
960 2526 1078 2581 vinculo
1095 2527 1186 2598 pecie.
1223 2527 1328 2582 Amen.

448 2787 569 2891 effigere„
688 2774 823 2832 CLXVI.
862 2775 1567 2833 01111111ωοοηνεῃτυεοωωωκειεὲ

432 2927 587 2990 uheoeuvcut
639 2908 829 2964 Sanctissimo
855 2908 932 2979 patri
957 2913 988 2962 et
1012 2907 1130 2963 domino
1148 2907 1302 2974 Clementi,
1322 2907 1378 2963 Dei
1405 2908 1511 2980 gratia,
1540 2925 1656 2963 summo

433 2977 588 3072 ”¹¹⁰'ffiffif
602 2992 742 3066 pontifici,
762 2998 919 3047 convontus
938 2991 1069 3046 ecolesiae
1082 2991 1194 3047 Christi
1207 2991 1380 3056 canturanae,
1394 2991 1500 3046 flebilis
1518 2998 1549 3046 ot
1565 2993 1656 3046 afflic-

430 3041 549 3130 mihis
603 3085 661 3141 tus,
675 3076 803 3131 debitum
821 3094 855 3131 ac
873 3075 1007 3130 devotum
1024 3076 1057 3130 in
1075 3076 1199 3131 Domino
1222 3076 1425 3131 obedientium.
1463 3076 1500 3130 In
1516 3075 1601 3130 luetu
1624 3083 1656 3132 et

432 3130 569 3183 m⁰¹¹¹⁰²¹⁰⁰¹
598 3161 737 3232 lucrymis
761 3161 824 3233 jam
849 3161 942 3215 multo
967 3166 1099 3231 tempore
1127 3161 1287 3225 constituti,
1308 3161 1416 3216 auditis
1435 3161 1471 3215 de
1489 3160 1653 3216 sanctitatis

599 3252 705 3300 vestras
733 3245 914 3317 promotione
941 3245 1109 3299 rumoribus
1140 3245 1235 3316 gavisi
1265 3263 1367 3300 sumus
1397 3244 1505 3316 gaudio
1533 3263 1652 3315 magne,

599 3329 650 3384 Illi
670 3330 725 3385 soli
743 3331 774 3384 in
793 3329 971 3385 exultatione
990 3328 1086 3383 cordis
1099 3329 1209 3400 gratias
1221 3330 1391 3393 relerentes,
1405 3328 1462 3397 Qui
1479 3347 1557 3383 nunc
1569 3329 1655 3384 unxit
1668 3349 1731 3394 nob.
1741 3352 1757 3395 i,
1766 3357 1786 3396 9,

600 3432 651 3469 vos
670 3414 735 3469 olco
753 3414 940 3469 exultationis
959 3432 1019 3485 pree
1041 3413 1223 3468 consortibus
1242 3413 1358 3467 vestris
1398 3412 1555 3484 Speremus
1573 3413 1655 3467 enim

601 3501 637 3554 de
656 3498 857 3554 misericordia
869 3498 941 3568 Ejus
955 3497 1011 3566 Qui
1029 3516 1088 3551 nou
1106 3497 1283 3566 derelinquit
1301 3503 1450 3568 sperantes
1468 3498 1500 3551 in
1513 3497 1560 3561 Se,
1575 3497 1655 3567 quod

602 3603 654 3655 per·
680 3602 797 3637 menum
817 3582 988 3636 Clementiae
1007 3587 1113 3636 vestrae
1132 3582 1263 3635 visitabit
1287 3600 1340 3635 nos
1359 3580 1462 3635 Oriens
1482 3599 1516 3634 ex
1534 3581 1603 3644 alto,
1624 3588 1655 3636 et
1670 3596 1814 3644 ε.1,ιι1ο1.71

602 3667 815 3724 calamitatibus
835 3685 906 3736 ques
924 3684 977 3736 pro
995 3684 1083 3720 eausa
1101 3665 1211 3720 Christi
1236 3673 1266 3719 et
1289 3666 1419 3720 eeclesia*-
1442 3666 1521 3736 pessi
1540 3683 1653 3730 eumue,

602 3753 685 3807 etde
705 3751 751 3804 die
771 3751 801 3803 in
820 3749 896 3803 diem
915 3749 1043 3818 petimur
1071 3749 1230 3819 graviores,
1251 3749 1320 3802 dum
1346 3749 1440 3803 adhuc
1466 3758 1511 3805 est
1538 3755 1654 3821 tempus

601 3834 769 3895 miserendi,
798 3834 985 3888 miserebitur
1004 3834 1171 3889 sollicitudo
1196 3841 1301 3898 vestre,
1330 3834 1495 3889 sollicitudo
1523 3831 1655 3889 omniurn
1669 3846 1814 3891 seorsis}

434 3927 544 3973 'lli-“uere
602 3920 800 3976 ecclesiarum.
834 3917 904 3986 Quae
923 3926 952 3972 et
965 3926 1081 3988 quanta,
1095 3925 1178 3989 puter
1191 3919 1382 3983 sanctissime,
1397 3938 1414 3971 e
1426 3918 1542 3972 domino
1553 3926 1655 3973 nostro

434 3977 589 4079 ifiilliidpisso
602 4002 805 4059 Cautuuriensi
824 4002 1051 4072 archiepiscopo
1072 4010 1225 4074 postquem
1251 4020 1318 4056 eum
1344 4003 1373 4056 iu
1398 4010 1511 4073 putrem
1535 4008 1565 4056 et
1588 4021 1654 4073 pea-

434 4079 582 4181 Jq‘l‘ig'ffihey
603 4096 696 4145 torem
722 4087 914 4157 suscepimus,
943 4088 1151 4158 pertulerimus
1180 4088 1356 4158 gravamina,
1377 4088 1434 4142 nisi
1465 4087 1533 4157 quia
1551 4087 1656 4142 ultima

434 4169 532 4221 auritis·
602 4172 775 4227 necessitate
794 4177 919 4240 urgente
937 4171 1150 4242 compellimur,
1165 4171 1311 4225 sanctitati
1324 4179 1429 4225 vestrm
1448 4171 1656 4226 confundimur

433 4229 539 4273 nuncsi
603 4275 748 4312 enarrare.
797 4254 1015 4309 Centuarieusis
1043 4255 1188 4325 siquidem
1214 4255 1345 4319 ecclesia,
1366 4274 1431 4326 quur
1455 4257 1550 4326 prima
1576 4257 1656 4312 inter

602 4341 795 4397 occidentales
814 4340 947 4394 tenebras
966 4340 1142 4411 praedicante
1162 4340 1338 4409 Augustin0‚
1359 4359 1376 4394 o
1394 4341 1561 4395 beatissimo
1579 4361 1656 4414 popa

602 4426 746 4497 Gregorio
764 4424 943 4487 transmisso,
964 4425 1027 4478 veri
1045 4424 1166 4478 luminis
1191 4424 1221 4477 iu
1239 4424 1427 4478 tabernaculo
1446 4442 1498 4477 suo
1516 4428 1656 4496 cognovit

601 4516 630 4564 et
649 4509 777 4580 suscepit
795 4509 972 4574 Auctorem3
1002 4509 1032 4561 in
1050 4508 1096 4561 his
1124 4507 1226 4562 diebus
1245 4508 1411 4563 novissimis
1431 4510 1506 4563 lacta
1523 4515 1568 4563 est
1593 4530 1654 4565 onr-

601 4595 682 4648 nium
701 4594 889 4648 ecclesiarum
913 4601 1051 4662 tunquam
1073 4592 1241 4647 notissimo.
1280 4593 1318 4646 Et
1343 4612 1408 4663 quae
1426 4592 1535 4647 ordinis
1555 4601 1585 4649 et
1603 4596 1655 4650 ho-

600 4678 721 4733 nestetis
741 4679 833 4731 forma
850 4682 880 4731 et
898 4677 1063 4748 exemplum
1081 4675 1308 4731 occidentalibus
1326 4677 1458 4732 radiabat
1470 4678 1500 4731 in
1512 4679 1653 4748 tenebris,

635 4923 641 4952 ¹
662 4922 717 4971 Τὶιο
729 4937 798 4970 news
810 4920 840 4970 ol
847 4921 889 4969 the
900 4920 974 4969 deth
994 4919 1024 4967 os
1037 4935 1101 4982 pope
1153 4925 1225 4981 1188,
1246 4924 1297 4972 und
1319 4923 1370 4973 this
1392 4924 1464 4974 letter
1482 4942 1534 4976 wus
1552 4929 1654 4983 written

602 5003 718 5066 Gregory
730 5002 774 5050 did
793 5008 837 5049 not
856 4999 932 5050 resch
942 5000 1100 5062 Canterbury
1149 4999 1321 5066 immediately
1333 5002 1398 5053 ester
1409 5004 1452 5055 the
1462 5006 1556 5071 receipt
1567 5009 1599 5057 of
1605 5010 1633 5060 it

600 5080 684 5130 before
705 5081 748 5129 the
770 5080 845 5130 latter
865 5080 914 5129 eud
936 5080 966 5128 of
984 5079 1100 5142 Jauuery
