4192 6392
612 1194 679 1258 358
897 1207 1069 1256 marona
1091 1203 1383 1267 cssromtussns,

455 1401 577 1444 mua),
611 1397 664 1433 vos
682 1378 897 1443 offenderimus,
911 1398 1056 1435 memores
1068 1380 1150 1435 illius
1170 1383 1265 1434 “eum
1278 1379 1372 1433 uatus
1389 1376 1482 1432 fueris
1499 1375 1670 1430 misericor·
1684 1376 1811 1420 mitt

464 1452 577 1524 mm:
613 1467 633 1488 “
652 1463 708 1517 diae
726 1464 957 1528 recordaberis‚”
970 1464 1200 1520 misericorditer
1210 1462 1294 1518 nobis
1307 1462 1472 1524 dimittatis,
1486 1467 1622 1516 nostrum
1634 1476 1672 1513 ex

443 1517 589 1621 ffiffl'
611 1554 711 1602 vestro
728 1553 838 1603 statum
862 1550 1027 1613 metientes,
1046 1556 1077 1603 ct
1100 1549 1246 1604 malitiam
1270 1548 1412 1619 temporis
1438 1544 1671 1601 considerantes.

444 1618 573 1712 ffiffi
612 1632 676 1687 Nec
694 1633 795 1703 pigeat
817 1651 869 1688 ros
895 1635 983 1688 matri
1009 1641 1115 1688 vestra
1140 1633 1292 1703 languenti
1323 1639 1354 1686 et
1377 1631 1520 1685 laboranti
1547 1647 1670 1684 manum

445 1718 571 1814 maureli&
613 1716 820 1772 consolationis
832 1718 993 1788 porrigere,
1014 1737 1080 1790 quae
1091 1718 1243 1772 vobiscum
1262 1724 1293 1771 et
1303 1735 1356 1787 pro
1374 1715 1456 1770 vobis
1469 1715 1500 1768 in
1512 1714 1671 1769 afflictione

446 1776 472 1815 ¹⁰
510 1801 517 1814 '
613 1802 718 1871 posita,
733 1808 830 1857 utros
843 1803 1064 1868 eruatamalis,
1079 1800 1490 1874 Omnipoteutisclemeutiam
1501 1804 1672 1854 noncessat

614 1885 759 1941 invocare.
797 1885 911 1942 Valete.

473 2155 583 2208 senuna.
718 2137 909 2192 CCCXCIlI.
947 2138 1105 2193 Antenora
1122 2154 1235 2194 nectar
1253 2139 1373 2194 Arcus
1392 2137 1561 2194 Coeranus

1024 2225 1264 2279 Cisrcaaiussm.

450 2386 569 2438 respuor
654 2368 777 2424 Dilectae
806 2369 870 2425 Deo
899 2377 930 2425 et
960 2370 1127 2426 hominibus
1163 2369 1319 2435 Alienorae,
1351 2369 1406 2424 Dci
1437 2368 1544 2441 gratia,
1575 2367 1671 2424 nobili

449 2436 784 2530 fflff'ffllsnglorum
809 2454 930 2525 reginae,
964 2456 1090 2510 ducissa
1122 2455 1312 2510 Normanniae
1344 2462 1374 2509 et
1405 2453 1607 2525 Aquitauniai,
1639 2458 1672 2508 et

450 2537 775 2631 ffiffffissfflffifflffl
792 2538 983 2610 Andegaviae,
1007 2540 1168 2594 Gaufridua
1196 2541 1277 2610 prior
1302 2547 1333 2594 et
1350 2544 1508 2594 conventus
1535 2537 1670 2592 ecclesias

450 2638 572 2682 maheu
619 2623 731 2679 Christi
743 2623 974 2688 Cantuariensis,
988 2624 1026 2679 ad
1043 2624 1119 2695 Ejus
1137 2631 1215 2680 stare
1239 2623 1389 2678 dextoram
1405 2623 1443 2678 ad
1460 2622 1554 2693 Cujus
1572 2621 1672 2678 utitis

450 2689 532 2741 ΠΨ*
618 2709 723 2779 regina
745 2709 776 2762 in
802 2710 914 2764 vestitu
943 2709 1092 2764 deaurato.
1131 2709 1227 2781 Super
1254 2708 1409 2763 dilectione
1437 2726 1525 2779 quam
1552 2724 1672 2778 semper
1684 2708 1812 2754 Pulult

619 2793 765 2847 habuistis
803 2812 875 2864 erga
905 2794 1148 2849 cantuariensem
1179 2793 1342 2857 ecclesiam,
1374 2798 1404 2846 et
1438 2809 1491 2862 pro
1520 2791 1672 2846 beneficiis

620 2877 825 2948 multipliciter
838 2878 865 2931 ci
884 2896 902 2932 a
919 2878 1068 2949 largitatis
1086 2887 1193 2933 vestrae
1211 2878 1410 2932 munificentia
1424 2876 1548 2940 collatis,
1562 2877 1674 2947 gratia-

620 2980 688 3016 rum
706 2978 742 3016 ex
760 2962 857 3016 animo
875 2963 1032 3018 referimus
1060 2962 1207 3028 actioncs3
1227 2967 1364 3032 rogantes
1384 2968 1414 3016 et
1437 2961 1623 3016 obsecrantes
1641 2960 1675 3014 in

621 3046 749 3111 Christo,
785 3053 928 3117 quatenus
959 3047 1087 3119 gratiam
1116 3054 1147 3102 et
1182 3064 1311 3101 amorem
1342 3064 1430 3117 quem
1464 3046 1606 3100 hactenus
1642 3044 1675 3099 in

621 3131 714 3186 oculis
732 3132 840 3185 vestris
859 3132 1034 3197 invenimus,
1048 3131 1159 3185 iutuitu
1177 3130 1233 3185 Dei
1252 3139 1282 3186 et
1298 3131 1377 3185 beati
1395 3131 1533 3202 martyris
1552 3129 1674 3184 'l'homae

621 3215 805 3287 aliorumque
831 3216 862 3269 in
882 3215 1008 3271 ecclesia
1029 3215 1234 3271 cantuariensi
1253 3215 1476 3287 quiescentium,
1497 3231 1674 3271 conservare

620 3301 730 3364 velitis,
744 3319 797 3356 uec
816 3299 854 3355 ad
871 3301 997 3372 alicujus
1017 3301 1238 3372 suggestionem
1250 3299 1363 3372 aliquid
1381 3301 1417 3354 dc
1434 3300 1517 3354 nobis
1534 3300 1673 3367 credatis,

622 3385 648 3441 si
682 3387 786 3457 placet,
814 3385 892 3440 sicut
921 3403 974 3441 nec
1005 3386 1090 3441 decet
1117 3384 1318 3439 excellentiam
1347 3390 1485 3448 vestram,
1515 3391 1675 3454 antequam

621 3469 657 3523 de
685 3471 808 3524 veritate
834 3470 1007 3524 constiterit.
1051 3469 1145 3534 Unde,
1175 3469 1244 3540 quia
1268 3469 1355 3523 multi
1380 3469 1505 3523 multum
1531 3487 1583 3524 nos
1609 3487 1676 3541 per·

623 3561 795 3623 sequuntur,
809 3572 862 3607 nec
881 3553 1021 3608 habemus
1043 3553 1250 3618 defensionem,
1271 3553 1308 3606 ad
1326 3572 1377 3608 vos
1396 3559 1535 3624 tauquam
1553 3554 1676 3609 unicum

456 3650 605 3701 ructator
623 3638 773 3706 refugium
792 3645 925 3691 nostrum
944 3639 1141 3709 confugimus,
1163 3648 1300 3707 rogantes
1325 3638 1474 3702 attentius,
1494 3645 1529 3692 ut
1546 3656 1599 3692 nos
1619 3640 1675 3693 sub

456 3704 580 3795 {flg'sstael
624 3720 727 3774 umbra
758 3721 871 3774 alarum
908 3733 1075 3775 vestrarum
1112 3723 1284 3793 protegatis
1316 3741 1369 3775 nec
1405 3723 1558 3794 patiamini
1596 3724 1676 3793 qnod

624 3806 749 3859 ecclesia
780 3806 1009 3871 Contuariensis‚
1043 3825 1109 3877 quae
1145 3808 1227 3861 vobis
1259 3825 1374 3878 semper
1410 3809 1514 3862 devota
1551 3809 1674 3872 exstitit,

624 3890 723 3960 aliqua
736 3891 885 3944 occasione
899 3898 998 3946 contra
1013 3891 1162 3962 justitiam
1181 3891 1381 3962 deprimatur;
1403 3892 1462 3954 sed,
1480 3892 1558 3947 sicut
1576 3900 1677 3963 sperat

625 3981 656 4029 et
674 3982 831 4045 exspectat,
852 3994 905 4046 per
922 3995 975 4032 vos
994 3984 1060 4046 post
1079 3976 1175 4032 Deum
1194 3977 1350 4032 relevetur.
1389 3976 1502 4032 Veleto.

479 4234 588 4287 Januarr·
705 4233 888 4291 CCCXCIV.
927 4234 1058 4292 Rteinoo
1077 4251 1144 4294 aaut
1164 4240 1332 4297 Cos-turres
1352 4243 1589 4300 Omrummssts.

458 4391 611 4486 auggpgpvrm
660 4381 914 4439 Excellentissimo
944 4384 1061 4441 domino
1093 4407 1145 4443 suo
1173 4390 1309 4454 Ricardo,
1340 4391 1395 4446 Dei
1426 4394 1531 4463 gratia,
1565 4395 1676 4449 illustri

458 4495 592 4539 thnnkeod
624 4467 689 4536 rcgi
708 4467 834 4536 Angliae,
855 4470 923 4523 duci
936 4471 1124 4528 Normaunite
1144 4483 1174 4529 et
1191 4475 1386 4546 Aquitauniee,
1408 4487 1438 4532 ct
1461 4479 1560 4533 comiti
1578 4478 1677 4534 Ande-

458 4546 591 4645 ἶὲξιὲξὲθωο·
626 4552 731 4620 gavia,
762 4554 922 4609 (laufridus
951 4557 1032 4625 prior·
1060 4567 1090 4612 ct
1117 4568 1275 4615 conventus
1304 4561 1435 4616 ecclesiae
1461 4562 1572 4617 Christi
1603 4565 1677 4619 Can-

458 4658 544 4697 ccases,
626 4637 793 4702 mariensis,
816 4639 912 4693 cordis
939 4649 969 4694 ct
987 4644 1116 4712 corporis
1146 4645 1280 4710 salutem,
1301 4647 1399 4700 11on
1427 4648 1457 4700 in
1477 4647 1568 4717 Cujus
1587 4667 1677 4704 manu

627 4721 705 4775 salus
743 4730 788 4776 cst
824 4725 963 4790 omnium,
997 4734 1027 4781 et
1061 4728 1148 4782 corda
1179 4739 1247 4784 sunt
1276 4749 1389 4801 regum.
1435 4732 1616 4802 Multiplices
1647 4738 1814 4791 etProtn'hl

626 4806 783 4861 immensas
820 4809 940 4864 laudum
986 4818 1016 4865 ct
1060 4815 1222 4883 gratiarum
1259 4816 1335 4887 Regi
1372 4835 1476 4887 regum
1519 4821 1676 4877 referimus

627 4892 764 4955 actiones,
798 4892 853 4960 Qui
881 4895 912 4948 in
937 4896 1040 4951 diebus
1071 4900 1178 4954 nostris
1196 4900 1319 4964 {tautum
1347 4902 1429 4955 vobis
1461 4921 1550 4973 supro
1575 4923 1676 4961 omncs

627 4992 713 5043 reges
732 4983 819 5030 terrae
844 4980 968 5035 contulit
986 4981 1104 5037 honoris
1124 4990 1154 5038 et
1172 4984 1283 5054 gloriae,
1305 4985 1383 5055 quod
1402 4987 1430 5040 in
1450 4989 1588 5043 universo
1607 4991 1676 5045 orbe

628 5063 773 5114 terrarum
791 5080 896 5117 nomen
924 5071 1057 5120 vestrum
1084 5068 1194 5123 lactum
1222 5077 1268 5123 est
1289 5070 1436 5125 laudabile
1455 5078 1484 5126 et
1502 5073 1674 5143 gloriosum.

628 5139 761 5212 Cumque
797 5146 880 5202 robis
916 5149 1093 5219 applaudere
1130 5159 1159 5207 et
1195 5155 1377 5224 congaudere
1417 5156 1540 5212 debeant
1576 5177 1676 5241 omnes
