<?xml version="1.0" encoding="UTF-8"?>
<!DOCTYPE html PUBLIC "-//W3C//DTD XHTML 1.0 Transitional//EN"
    "http://www.w3.org/TR/xhtml1/DTD/xhtml1-transitional.dtd">
<html xmlns="http://www.w3.org/1999/xhtml" xml:lang="en" lang="en">
 <head>
  <title>
</title>
<meta http-equiv="Content-Type" content="text/html;charset=utf-8" />
  <meta name='ocr-system' content='tesseract 3.04.00' />
  <meta name='ocr-capabilities' content='ocr_page ocr_carea ocr_par ocr_line ocrx_word'/>
</head>
<body>
  <div class='ocr_page' id='page_1' title='image "./epistolaecantua00stubgoog_0291.png"; bbox 0 0 4192 6392; ppageno 0'>
   <div class='ocr_carea' id='block_1_1' title="bbox 729 1200 1452 1263">
    <p class='ocr_par' dir='ltr' id='par_1_1' title="bbox 729 1200 1452 1263">
     <span class='ocr_line' id='line_1_1' title="bbox 729 1200 1452 1263; baseline 0.008 -7"><span class='ocrx_word' id='word_1_1' title='bbox 729 1208 887 1258; x_wconf 74' lang='lat' dir='ltr'><strong>ammosa</strong></span> <span class='ocrx_word' id='word_1_2' title='bbox 910 1206 1117 1260; x_wconf 77' lang='lat' dir='ltr'><strong>aaaoawrnr.</strong></span> <span class='ocrx_word' id='word_1_3' title='bbox 1410 1200 1452 1263; x_wconf 83' lang='lat'><strong>89</strong></span> 
     </span>
    </p>
   </div>
   <div class='ocr_carea' id='block_1_2' title="bbox 391 1377 1607 1960">
    <p class='ocr_par' dir='ltr' id='par_1_2' title="bbox 391 1377 1607 1864">
     <span class='ocr_line' id='line_1_2' title="bbox 391 1377 1602 1452; baseline 0.007 -15"><span class='ocrx_word' id='word_1_4' title='bbox 391 1377 501 1438; x_wconf 89' lang='lat' dir='ltr'><strong>domini</strong></span> <span class='ocrx_word' id='word_1_5' title='bbox 519 1380 601 1452; x_wconf 82' lang='lat' dir='ltr'><strong>regis</strong></span> <span class='ocrx_word' id='word_1_6' title='bbox 619 1379 693 1435; x_wconf 85' lang='lat' dir='ltr'><strong>fieri.</strong></span> <span class='ocrx_word' id='word_1_7' title='bbox 733 1380 801 1447; x_wconf 85' lang='lat' dir='ltr'><strong>Sed,</strong></span> <span class='ocrx_word' id='word_1_8' title='bbox 821 1386 854 1436; x_wconf 94' lang='lat' dir='ltr'><strong>ut</strong></span> <span class='ocrx_word' id='word_1_9' title='bbox 877 1398 980 1437; x_wconf 88' lang='lat' dir='ltr'><strong>verum</strong></span> <span class='ocrx_word' id='word_1_10' title='bbox 1005 1383 1160 1447; x_wconf 87' lang='lat' dir='ltr'><strong>fateamur,</strong></span> <span class='ocrx_word' id='word_1_11' title='bbox 1180 1402 1281 1441; x_wconf 91' lang='lat' dir='ltr'><strong>omnes</strong></span> <span class='ocrx_word' id='word_1_12' title='bbox 1305 1385 1403 1441; x_wconf 90' lang='lat' dir='ltr'><strong>omnia</strong></span> <span class='ocrx_word' id='word_1_13' title='bbox 1425 1385 1452 1440; x_wconf 91' lang='lat' dir='ltr'><strong>ci</strong></span> <span class='ocrx_word' id='word_1_14' title='bbox 1466 1399 1602 1451; x_wconf 66' lang='lat' dir='ltr'><strong>&#39;amnas</strong></span> 
     </span>
     <span class='ocr_line' id='line_1_3' title="bbox 392 1453 1593 1541; baseline 0.005 -21"><span class='ocrx_word' id='word_1_15' title='bbox 392 1465 539 1536; x_wconf 88' lang='lat' dir='ltr'><strong>imputant</strong></span> <span class='ocrx_word' id='word_1_16' title='bbox 567 1470 598 1519; x_wconf 90' lang='lat' dir='ltr'><strong>ot</strong></span> <span class='ocrx_word' id='word_1_17' title='bbox 626 1463 789 1536; x_wconf 90' lang='lat' dir='ltr'><strong>imponunt,</strong></span> <span class='ocrx_word' id='word_1_18' title='bbox 821 1470 958 1536; x_wconf 87' lang='lat' dir='ltr'><strong>putantes</strong></span> <span class='ocrx_word' id='word_1_19' title='bbox 990 1483 1057 1520; x_wconf 90' lang='lat' dir='ltr'><strong>oum</strong></span> <span class='ocrx_word' id='word_1_20' title='bbox 1083 1468 1285 1524; x_wconf 87' lang='lat' dir='ltr'><strong>auctoritatem</strong></span> <span class='ocrx_word' id='word_1_21' title='bbox 1313 1474 1452 1540; x_wconf 83' lang='lat' dir='ltr'><strong>praestare</strong></span> <span class='ocrx_word' id='word_1_22' title='bbox 1488 1453 1593 1541; x_wconf 40' lang='lat' dir='ltr'><strong>&#39;August</strong></span> 
     </span>
     <span class='ocr_line' id='line_1_4' title="bbox 391 1528 1607 1629; baseline 0.005 -25"><span class='ocrx_word' id='word_1_23' title='bbox 391 1547 537 1604; x_wconf 80' lang='lat' dir='ltr'><strong>vexationi</strong></span> <span class='ocrx_word' id='word_1_24' title='bbox 554 1552 671 1613; x_wconf 76' lang='lat' dir='ltr'><strong>nostrae,</strong></span> <span class='ocrx_word' id='word_1_25' title='bbox 692 1549 763 1620; x_wconf 89' lang='lat' dir='ltr'><strong>quia</strong></span> <span class='ocrx_word' id='word_1_26' title='bbox 779 1567 837 1603; x_wconf 90' lang='lat' dir='ltr'><strong>non</strong></span> <span class='ocrx_word' id='word_1_27' title='bbox 860 1549 978 1606; x_wconf 87' lang='lat' dir='ltr'><strong>cohibet</strong></span> <span class='ocrx_word' id='word_1_28' title='bbox 1005 1568 1073 1605; x_wconf 89' lang='lat' dir='ltr'><strong>cnm</strong></span> <span class='ocrx_word' id='word_1_29' title='bbox 1092 1552 1144 1623; x_wconf 88' lang='lat' dir='ltr'><strong>qui</strong></span> <span class='ocrx_word' id='word_1_30' title='bbox 1168 1570 1220 1608; x_wconf 92' lang='lat' dir='ltr'><strong>nos</strong></span> <span class='ocrx_word' id='word_1_31' title='bbox 1244 1553 1359 1625; x_wconf 85' lang='lat' dir='ltr'><strong>affligit,</strong></span> <span class='ocrx_word' id='word_1_32' title='bbox 1385 1572 1453 1609; x_wconf 90' lang='lat' dir='ltr'><strong>cum</strong></span> <span class='ocrx_word' id='word_1_33' title='bbox 1465 1528 1607 1629; x_wconf 50' lang='lat' dir='ltr'><strong>ffifffiff</strong></span> 
     </span>
     <span class='ocr_line' id='line_1_5' title="bbox 391 1630 1527 1708; baseline 0.007 -22"><span class='ocrx_word' id='word_1_34' title='bbox 391 1630 493 1703; x_wconf 88' lang='lat' dir='ltr'><strong>possit.</strong></span> <span class='ocrx_word' id='word_1_35' title='bbox 532 1632 591 1687; x_wconf 91' lang='lat' dir='ltr'><strong>Pro</strong></span> <span class='ocrx_word' id='word_1_36' title='bbox 602 1649 701 1687; x_wconf 89' lang='lat' dir='ltr'><strong>amore</strong></span> <span class='ocrx_word' id='word_1_37' title='bbox 712 1633 812 1704; x_wconf 84' lang='lat' dir='ltr'><strong>itaque</strong></span> <span class='ocrx_word' id='word_1_38' title='bbox 826 1632 892 1696; x_wconf 89' lang='lat' dir='ltr'><strong>Dei,</strong></span> <span class='ocrx_word' id='word_1_39' title='bbox 907 1639 937 1688; x_wconf 89' lang='lat' dir='ltr'><strong>ot</strong></span> <span class='ocrx_word' id='word_1_40' title='bbox 949 1640 1117 1689; x_wconf 87' lang='lat' dir='ltr'><strong>sanctorum</strong></span> <span class='ocrx_word' id='word_1_41' title='bbox 1137 1653 1263 1707; x_wconf 88' lang='lat' dir='ltr'><strong>quorum</strong></span> <span class='ocrx_word' id='word_1_42' title='bbox 1282 1655 1405 1708; x_wconf 89' lang='lat' dir='ltr'><strong>corpora</strong></span> <span class='ocrx_word' id='word_1_43' title='bbox 1422 1638 1453 1693; x_wconf 91' lang='lat' dir='ltr'><strong>in</strong></span> <span class='ocrx_word' id='word_1_44' title='bbox 1466 1640 1527 1682; x_wconf 57' lang='grc' dir='ltr'><strong>Μ·</strong></span> 
     </span>
     <span class='ocr_line' id='line_1_6' title="bbox 393 1714 1450 1792; baseline 0.004 -20"><span class='ocrx_word' id='word_1_45' title='bbox 393 1714 598 1772; x_wconf 82' lang='lat' dir='ltr'><strong>Gantuariensi</strong></span> <span class='ocrx_word' id='word_1_46' title='bbox 621 1715 811 1786; x_wconf 89' lang='lat' dir='ltr'><strong>requiescunt</strong></span> <span class='ocrx_word' id='word_1_47' title='bbox 829 1717 962 1782; x_wconf 89' lang='lat' dir='ltr'><strong>ecclesia,</strong></span> <span class='ocrx_word' id='word_1_48' title='bbox 983 1724 1014 1772; x_wconf 82' lang='lat' dir='ltr'><strong>et</strong></span> <span class='ocrx_word' id='word_1_49' title='bbox 1031 1736 1085 1788; x_wconf 90' lang='lat' dir='ltr'><strong>pro</strong></span> <span class='ocrx_word' id='word_1_50' title='bbox 1103 1719 1212 1774; x_wconf 89' lang='lat' dir='ltr'><strong>honore</strong></span> <span class='ocrx_word' id='word_1_51' title='bbox 1231 1720 1342 1775; x_wconf 91' lang='lat' dir='ltr'><strong>domini</strong></span> <span class='ocrx_word' id='word_1_52' title='bbox 1359 1722 1450 1792; x_wconf 82' lang='lat' dir='ltr'><strong>regis,</strong></span> 
     </span>
     <span class='ocr_line' id='line_1_7' title="bbox 393 1797 1452 1864; baseline 0.006 -9"><span class='ocrx_word' id='word_1_53' title='bbox 393 1797 577 1856; x_wconf 89' lang='lat' dir='ltr'><strong>intromittite</strong></span> <span class='ocrx_word' id='word_1_54' title='bbox 603 1816 666 1864; x_wconf 79' lang='lat' dir='ltr'><strong>vos,</strong></span> <span class='ocrx_word' id='word_1_55' title='bbox 691 1799 852 1864; x_wconf 77' lang='lat' dir='ltr'><strong>carissime,</strong></span> <span class='ocrx_word' id='word_1_56' title='bbox 880 1807 914 1856; x_wconf 88' lang='lat' dir='ltr'><strong>ut</strong></span> <span class='ocrx_word' id='word_1_57' title='bbox 939 1807 1033 1857; x_wconf 85' lang='lat' dir='ltr'><strong>status</strong></span> <span class='ocrx_word' id='word_1_58' title='bbox 1061 1809 1160 1859; x_wconf 85' lang='lat' dir='ltr'><strong>noster</strong></span> <span class='ocrx_word' id='word_1_59' title='bbox 1178 1803 1271 1859; x_wconf 89' lang='lat' dir='ltr'><strong>bonus</strong></span> <span class='ocrx_word' id='word_1_60' title='bbox 1300 1810 1329 1859; x_wconf 90' lang='lat' dir='ltr'><strong>et</strong></span> <span class='ocrx_word' id='word_1_61' title='bbox 1353 1812 1452 1861; x_wconf 89' lang='lat' dir='ltr'><strong>rcctus</strong></span> 
     </span>
    </p>

    <p class='ocr_par' dir='ltr' id='par_1_3' title="bbox 392 1883 1451 1960">
     <span class='ocr_line' id='line_1_8' title="bbox 392 1883 1451 1960; baseline 0.006 -22"><span class='ocrx_word' id='word_1_62' title='bbox 392 1883 476 1939; x_wconf 88' lang='lat' dir='ltr'><strong>nobis</strong></span> <span class='ocrx_word' id='word_1_63' title='bbox 505 1889 667 1955; x_wconf 73' lang='lat' dir='ltr'><strong>reparetur.</strong></span> <span class='ocrx_word' id='word_1_64' title='bbox 718 1884 833 1941; x_wconf 83' lang='lat' dir='ltr'><strong>Caetera</strong></span> <span class='ocrx_word' id='word_1_65' title='bbox 862 1886 1053 1958; x_wconf 83' lang='lat' dir='ltr'><strong>praesentium</strong></span> <span class='ocrx_word' id='word_1_66' title='bbox 1083 1886 1191 1943; x_wconf 88' lang='lat' dir='ltr'><strong>latores</strong></span> <span class='ocrx_word' id='word_1_67' title='bbox 1222 1887 1305 1943; x_wconf 87' lang='lat' dir='ltr'><strong>vobis</strong></span> <span class='ocrx_word' id='word_1_68' title='bbox 1336 1888 1451 1960; x_wconf 82' lang='lat' dir='ltr'>plenius</span> 
     </span>
    </p>
   </div>
   <div class='ocr_carea' id='block_1_3' title="bbox 394 1972 694 2040">
    <p class='ocr_par' dir='ltr' id='par_1_4' title="bbox 394 1972 694 2040">
     <span class='ocr_line' id='line_1_9' title="bbox 394 1972 694 2040; baseline -0.01 -15"><span class='ocrx_word' id='word_1_69' title='bbox 394 1972 531 2040; x_wconf 84' lang='lat' dir='ltr'><strong>poterunt</strong></span> <span class='ocrx_word' id='word_1_70' title='bbox 549 1985 694 2023; x_wconf 86' lang='lat' dir='ltr'><strong>enarrare.</strong></span> 
     </span>
    </p>
   </div>
   <div class='ocr_carea' id='block_1_4' title="bbox 430 2170 1609 2312">
    <p class='ocr_par' dir='ltr' id='par_1_5' title="bbox 430 2170 1609 2312">
     <span class='ocr_line' id='line_1_10' title="bbox 430 2170 1577 2231; baseline -0.003 -3"><span class='ocrx_word' id='word_1_71' title='bbox 430 2170 510 2228; x_wconf 81' lang='lat' dir='ltr'>CXI.</span> <span class='ocrx_word' id='word_1_72' title='bbox 548 2171 740 2227; x_wconf 73' lang='lat' dir='ltr'><strong>Bmarmnus</strong></span> <span class='ocrx_word' id='word_1_73' title='bbox 759 2171 1246 2229; x_wconf 75' lang='lat' dir='ltr'><strong>Gsnruamans1sancmsrrscorne</strong></span> <span class='ocrx_word' id='word_1_74' title='bbox 1265 2173 1413 2231; x_wconf 80' lang='lat' dir='ltr'><strong>Graaaaro</strong></span> <span class='ocrx_word' id='word_1_75' title='bbox 1511 2185 1577 2229; x_wconf 62' lang='lat' dir='ltr'><strong>nna</strong></span> 
     </span>
     <span class='ocr_line' id='line_1_11' title="bbox 782 2236 1609 2312; baseline -0.029 -1"><span class='ocrx_word' id='word_1_76' title='bbox 782 2255 909 2310; x_wconf 78' lang='lat' dir='ltr'><strong>Rossnm</strong></span> <span class='ocrx_word' id='word_1_77' title='bbox 928 2271 1068 2312; x_wconf 81' lang='lat' dir='ltr'><strong>srrscoro.</strong></span> <span class='ocrx_word' id='word_1_78' title='bbox 1476 2236 1609 2290; x_wconf 58' lang='lat' dir='ltr'><strong>amastis.</strong></span> 
     </span>
    </p>
   </div>
   <div class='ocr_carea' id='block_1_5' title="bbox 396 2361 1588 2519">
    <p class='ocr_par' dir='ltr' id='par_1_6' title="bbox 396 2361 1588 2519">
     <span class='ocr_line' id='line_1_12' title="bbox 429 2361 1585 2431; baseline 0 -14"><span class='ocrx_word' id='word_1_79' title='bbox 429 2361 525 2417; x_wconf 80' lang='lat' dir='ltr'>Nosse</span> <span class='ocrx_word' id='word_1_80' title='bbox 549 2361 685 2418; x_wconf 85' lang='lat' dir='ltr'><strong>volumus</strong></span> <span class='ocrx_word' id='word_1_81' title='bbox 704 2362 891 2418; x_wconf 89' lang='lat' dir='ltr'><strong>dilectionem</strong></span> <span class='ocrx_word' id='word_1_82' title='bbox 916 2370 1046 2419; x_wconf 84' lang='lat' dir='ltr'><strong>vestram</strong></span> <span class='ocrx_word' id='word_1_83' title='bbox 1073 2363 1195 2420; x_wconf 88' lang='lat' dir='ltr'><strong>dilectos</strong></span> <span class='ocrx_word' id='word_1_84' title='bbox 1227 2364 1302 2421; x_wconf 87' lang='lat' dir='ltr'><strong>filios</strong></span> <span class='ocrx_word' id='word_1_85' title='bbox 1326 2371 1585 2431; x_wconf 75' lang='lat' dir='ltr'><strong>nostros,1&#39;usarcli·</strong></span> 
     </span>
     <span class='ocr_line' id='line_1_13' title="bbox 396 2422 1588 2519; baseline 0.006 -19"><span class='ocrx_word' id='word_1_86' title='bbox 396 2444 554 2501; x_wconf 86' lang='lat' dir='ltr'><strong>Robertum</strong></span> <span class='ocrx_word' id='word_1_87' title='bbox 582 2446 735 2502; x_wconf 73' lang='lat' dir='ltr'><strong>sacristam</strong></span> <span class='ocrx_word' id='word_1_88' title='bbox 753 2453 784 2502; x_wconf 89' lang='lat' dir='ltr'><strong>ct</strong></span> <span class='ocrx_word' id='word_1_89' title='bbox 809 2447 846 2501; x_wconf 81' lang='lat' dir='ltr'><strong>R.</strong></span> <span class='ocrx_word' id='word_1_90' title='bbox 866 2446 984 2514; x_wconf 67' lang='lat' dir='ltr'><strong>Noreia</strong></span> <span class='ocrx_word' id='word_1_91' title='bbox 1004 2449 1162 2504; x_wconf 87' lang='lat' dir='ltr'><strong>monachos</strong></span> <span class='ocrx_word' id='word_1_92' title='bbox 1189 2449 1321 2504; x_wconf 73' lang='lat' dir='ltr'><strong>ccclesia</strong></span> <span class='ocrx_word' id='word_1_93' title='bbox 1340 2449 1452 2506; x_wconf 78' lang='lat' dir='ltr'><strong>Christi</strong></span> <span class='ocrx_word' id='word_1_94' title='bbox 1464 2422 1588 2519; x_wconf 48' lang='lat' dir='ltr'><strong>{³132}th</strong></span> 
     </span>
    </p>
   </div>
   <div class='ocr_carea' id='block_1_6' title="bbox 396 2523 1596 2627">
    <p class='ocr_par' dir='ltr' id='par_1_7' title="bbox 396 2523 1596 2627">
     <span class='ocr_line' id='line_1_14' title="bbox 396 2523 1596 2627; baseline 0.003 -42"><span class='ocrx_word' id='word_1_95' title='bbox 396 2528 569 2594; x_wconf 82' lang='lat' dir='ltr'><strong>Cantuariae,</strong></span> <span class='ocrx_word' id='word_1_96' title='bbox 589 2530 667 2601; x_wconf 88' lang='lat' dir='ltr'><strong>apud</strong></span> <span class='ocrx_word' id='word_1_97' title='bbox 684 2530 799 2584; x_wconf 82' lang='lat' dir='ltr'><strong>Alczun</strong></span> <span class='ocrx_word' id='word_1_98' title='bbox 817 2536 884 2586; x_wconf 90' lang='lat' dir='ltr'><strong>ante</strong></span> <span class='ocrx_word' id='word_1_99' title='bbox 902 2531 1016 2602; x_wconf 83' lang='lat' dir='ltr'><strong>regiam</strong></span> <span class='ocrx_word' id='word_1_100' title='bbox 1034 2532 1217 2603; x_wconf 87' lang='lat' dir='ltr'><strong>majestatem</strong></span> <span class='ocrx_word' id='word_1_101' title='bbox 1242 2539 1272 2588; x_wconf 88' lang='lat' dir='ltr'><strong>ct</strong></span> <span class='ocrx_word' id='word_1_102' title='bbox 1296 2534 1328 2588; x_wconf 88' lang='lat' dir='ltr'><strong>in</strong></span> <span class='ocrx_word' id='word_1_103' title='bbox 1352 2540 1452 2589; x_wconf 86' lang='lat' dir='ltr'><strong>nostra</strong></span> <span class='ocrx_word' id='word_1_104' title='bbox 1465 2523 1596 2627; x_wconf 36' lang='lat' dir='ltr'><strong>{mgb</strong></span> 
     </span>
    </p>
   </div>
   <div class='ocr_carea' id='block_1_7' title="bbox 395 2614 1605 2779">
    <p class='ocr_par' dir='ltr' id='par_1_8' title="bbox 395 2614 1605 2779">
     <span class='ocr_line' id='line_1_15' title="bbox 396 2614 1602 2687; baseline -0.012 -18"><span class='ocrx_word' id='word_1_105' title='bbox 396 2614 549 2685; x_wconf 78' lang='lat' dir='ltr'><strong>prasentia</strong></span> <span class='ocrx_word' id='word_1_106' title='bbox 566 2614 748 2680; x_wconf 87' lang='lat' dir='ltr'><strong>constitutos,</strong></span> <span class='ocrx_word' id='word_1_107' title='bbox 769 2615 823 2670; x_wconf 90' lang='lat' dir='ltr'><strong>sub</strong></span> <span class='ocrx_word' id='word_1_108' title='bbox 848 2616 1008 2670; x_wconf 88' lang='lat' dir='ltr'><strong>multorum</strong></span> <span class='ocrx_word' id='word_1_109' title='bbox 1033 2616 1118 2686; x_wconf 82' lang='lat' dir='ltr'><strong>regni</strong></span> <span class='ocrx_word' id='word_1_110' title='bbox 1145 2634 1300 2687; x_wconf 83' lang='lat' dir='ltr'><strong>procorum</strong></span> <span class='ocrx_word' id='word_1_111' title='bbox 1318 2624 1348 2673; x_wconf 69' lang='lat' dir='ltr'><strong>et</strong></span> <span class='ocrx_word' id='word_1_112' title='bbox 1366 2618 1450 2673; x_wconf 69' lang='lat' dir='ltr'><strong>cleri.</strong></span> <span class='ocrx_word' id='word_1_113' title='bbox 1464 2625 1517 2669; x_wconf 66' lang='lat' dir='ltr'><strong>sm</strong></span> <span class='ocrx_word' id='word_1_114' title='bbox 1589 2640 1602 2671; x_wconf 75' lang='lat'><strong>,</strong></span> 
     </span>
     <span class='ocr_line' id='line_1_16' title="bbox 395 2675 1605 2779; baseline -0.011 -18"><span class='ocrx_word' id='word_1_115' title='bbox 395 2714 495 2753; x_wconf 74' lang='lat' dir='ltr'><strong>corum</strong></span> <span class='ocrx_word' id='word_1_116' title='bbox 507 2706 636 2770; x_wconf 83' lang='lat' dir='ltr'><strong>aspectu,</strong></span> <span class='ocrx_word' id='word_1_117' title='bbox 651 2697 778 2754; x_wconf 90' lang='lat' dir='ltr'><strong>alterum</strong></span> <span class='ocrx_word' id='word_1_118' title='bbox 796 2716 907 2763; x_wconf 89' lang='lat' dir='ltr'><strong>eorum,</strong></span> <span class='ocrx_word' id='word_1_119' title='bbox 921 2699 1060 2755; x_wconf 85' lang='lat' dir='ltr'><strong>videlicet</strong></span> <span class='ocrx_word' id='word_1_120' title='bbox 1072 2700 1225 2769; x_wconf 81' lang='lat' dir='ltr'><strong>Rogcrum</strong></span> <span class='ocrx_word' id='word_1_121' title='bbox 1236 2700 1354 2767; x_wconf 85' lang='lat' dir='ltr'><strong>Noreia,</strong></span> <span class='ocrx_word' id='word_1_122' title='bbox 1374 2702 1449 2757; x_wconf 89' lang='lat' dir='ltr'><strong>celo·</strong></span> <span class='ocrx_word' id='word_1_123' title='bbox 1462 2675 1605 2779; x_wconf 51' lang='lat' dir='ltr'><strong>{ffiffl</strong></span> 
     </span>
    </p>
   </div>
   <div class='ocr_carea' id='block_1_8' title="bbox 396 2775 1607 2873">
    <p class='ocr_par' dir='ltr' id='par_1_9' title="bbox 396 2775 1607 2873">
     <span class='ocr_line' id='line_1_17' title="bbox 396 2775 1607 2873; baseline 0.007 -38"><span class='ocrx_word' id='word_1_124' title='bbox 396 2781 502 2836; x_wconf 88' lang='lat' dir='ltr'><strong>rariam</strong></span> <span class='ocrx_word' id='word_1_125' title='bbox 520 2780 624 2836; x_wconf 88' lang='lat' dir='ltr'><strong>domus</strong></span> <span class='ocrx_word' id='word_1_126' title='bbox 642 2782 774 2837; x_wconf 77' lang='lat' dir='ltr'><strong>ecclesias</strong></span> <span class='ocrx_word' id='word_1_127' title='bbox 793 2787 908 2847; x_wconf 84' lang='lat' dir='ltr'><strong>nostrae,</strong></span> <span class='ocrx_word' id='word_1_128' title='bbox 935 2782 1060 2837; x_wconf 89' lang='lat' dir='ltr'><strong>altorum</strong></span> <span class='ocrx_word' id='word_1_129' title='bbox 1079 2800 1159 2848; x_wconf 88' lang='lat' dir='ltr'><strong>voro,</strong></span> <span class='ocrx_word' id='word_1_130' title='bbox 1186 2783 1347 2838; x_wconf 86' lang='lat' dir='ltr'><strong>Robertum</strong></span> <span class='ocrx_word' id='word_1_131' title='bbox 1372 2784 1450 2840; x_wconf 89' lang='lat' dir='ltr'><strong>scili·</strong></span> <span class='ocrx_word' id='word_1_132' title='bbox 1462 2775 1607 2873; x_wconf 48' lang='lat' dir='ltr'><strong>fflfflgof</strong></span> 
     </span>
    </p>
   </div>
   <div class='ocr_carea' id='block_1_9' title="bbox 396 2864 1620 3284">
    <p class='ocr_par' dir='ltr' id='par_1_10' title="bbox 396 2864 1620 3284">
     <span class='ocr_line' id='line_1_18' title="bbox 396 2864 1617 2939; baseline 0.003 -20"><span class='ocrx_word' id='word_1_133' title='bbox 396 2870 448 2929; x_wconf 88' lang='lat' dir='ltr'><strong>cet,</strong></span> <span class='ocrx_word' id='word_1_134' title='bbox 468 2864 601 2936; x_wconf 87' lang='lat' dir='ltr'><strong>ejusdem</strong></span> <span class='ocrx_word' id='word_1_135' title='bbox 620 2865 753 2921; x_wconf 84' lang='lat' dir='ltr'><strong>ecclesiae</strong></span> <span class='ocrx_word' id='word_1_136' title='bbox 777 2864 984 2930; x_wconf 77' lang='lat' dir='ltr'><strong>sacristariam,</strong></span> <span class='ocrx_word' id='word_1_137' title='bbox 998 2865 1152 2922; x_wconf 85' lang='lat' dir='ltr'><strong>humiliter</strong></span> <span class='ocrx_word' id='word_1_138' title='bbox 1178 2872 1209 2922; x_wconf 89' lang='lat' dir='ltr'><strong>et</strong></span> <span class='ocrx_word' id='word_1_139' title='bbox 1234 2873 1373 2938; x_wconf 89' lang='lat' dir='ltr'><strong>quantum</strong></span> <span class='ocrx_word' id='word_1_140' title='bbox 1396 2885 1449 2939; x_wconf 89' lang='lat' dir='ltr'><strong>per</strong></span> <span class='ocrx_word' id='word_1_141' title='bbox 1461 2876 1617 2930; x_wconf 60' lang='lat' dir='ltr'><strong>cellmana</strong></span> 
     </span>
     <span class='ocr_line' id='line_1_19' title="bbox 396 2926 1613 3023; baseline 0.002 -19"><span class='ocrx_word' id='word_1_142' title='bbox 396 2950 539 3004; x_wconf 77' lang='lat' dir='ltr'><strong>exteriora</strong></span> <span class='ocrx_word' id='word_1_143' title='bbox 562 2949 661 3004; x_wconf 88' lang='lat' dir='ltr'><strong>metiri</strong></span> <span class='ocrx_word' id='word_1_144' title='bbox 680 2967 845 3021; x_wconf 89' lang='lat' dir='ltr'><strong>possumus,</strong></span> <span class='ocrx_word' id='word_1_145' title='bbox 871 2951 907 3005; x_wconf 90' lang='lat' dir='ltr'><strong>de</strong></span> <span class='ocrx_word' id='word_1_146' title='bbox 934 2968 1022 3005; x_wconf 87' lang='lat' dir='ltr'><strong>manu</strong></span> <span class='ocrx_word' id='word_1_147' title='bbox 1048 2956 1148 3005; x_wconf 89' lang='lat' dir='ltr'><strong>nostra</strong></span> <span class='ocrx_word' id='word_1_148' title='bbox 1165 2949 1269 3006; x_wconf 87' lang='lat' dir='ltr'><strong>devote</strong></span> <span class='ocrx_word' id='word_1_149' title='bbox 1292 2952 1447 3023; x_wconf 86' lang='lat' dir='ltr'><strong>recepisse.</strong></span> <span class='ocrx_word' id='word_1_150' title='bbox 1462 2926 1613 3023; x_wconf 37' lang='lat' dir='ltr'><strong>diffluent</strong></span> 
     </span>
     <span class='ocr_line' id='line_1_20' title="bbox 396 3029 1620 3133; baseline 0.002 -45"><span class='ocrx_word' id='word_1_151' title='bbox 396 3032 568 3088; x_wconf 78' lang='lat' dir='ltr'><strong>Mandamus</strong></span> <span class='ocrx_word' id='word_1_152' title='bbox 592 3033 692 3105; x_wconf 88' lang='lat' dir='ltr'><strong>itaque</strong></span> <span class='ocrx_word' id='word_1_153' title='bbox 716 3033 809 3101; x_wconf 87' lang='lat' dir='ltr'><strong>vobis,</strong></span> <span class='ocrx_word' id='word_1_154' title='bbox 830 3039 973 3105; x_wconf 91' lang='lat' dir='ltr'><strong>quatenus</strong></span> <span class='ocrx_word' id='word_1_155' title='bbox 998 3034 1138 3105; x_wconf 73' lang='lat' dir='ltr'><strong>praedicto</strong></span> <span class='ocrx_word' id='word_1_156' title='bbox 1156 3034 1274 3105; x_wconf 80' lang='lat' dir='ltr'><strong>Rogare</strong></span> <span class='ocrx_word' id='word_1_157' title='bbox 1292 3053 1380 3106; x_wconf 90' lang='lat' dir='ltr'><strong>quem</strong></span> <span class='ocrx_word' id='word_1_158' title='bbox 1396 3053 1450 3091; x_wconf 90' lang='lat' dir='ltr'><strong>nos</strong></span> <span class='ocrx_word' id='word_1_159' title='bbox 1463 3029 1620 3133; x_wconf 54' lang='lat' dir='ltr'><strong>ffiffiffl</strong></span> 
     </span>
     <span class='ocr_line' id='line_1_21' title="bbox 396 3117 1607 3189; baseline 0.002 -17"><span class='ocrx_word' id='word_1_160' title='bbox 396 3117 568 3172; x_wconf 86' lang='lat' dir='ltr'><strong>celerarium</strong></span> <span class='ocrx_word' id='word_1_161' title='bbox 586 3118 801 3183; x_wconf 90' lang='lat' dir='ltr'><strong>constituimus,</strong></span> <span class='ocrx_word' id='word_1_162' title='bbox 816 3118 947 3173; x_wconf 90' lang='lat' dir='ltr'><strong>omnium</strong></span> <span class='ocrx_word' id='word_1_163' title='bbox 965 3118 1183 3189; x_wconf 87' lang='lat' dir='ltr'><strong>possessionum</strong></span> <span class='ocrx_word' id='word_1_164' title='bbox 1201 3124 1261 3173; x_wconf 87' lang='lat' dir='ltr'><strong>tam</strong></span> <span class='ocrx_word' id='word_1_165' title='bbox 1279 3117 1451 3174; x_wconf 77' lang='lat' dir='ltr'><strong>interiorum</strong></span> <span class='ocrx_word' id='word_1_166' title='bbox 1463 3133 1607 3181; x_wconf 67' lang='lat' dir='ltr'><strong>praenosse</strong></span> 
     </span>
     <span class='ocr_line' id='line_1_22' title="bbox 396 3179 1607 3284; baseline 0.002 -28"><span class='ocrx_word' id='word_1_167' title='bbox 396 3219 483 3272; x_wconf 87' lang='lat' dir='ltr'><strong>quam</strong></span> <span class='ocrx_word' id='word_1_168' title='bbox 500 3201 678 3256; x_wconf 75' lang='lat' dir='ltr'><strong>exteriorum</strong></span> <span class='ocrx_word' id='word_1_169' title='bbox 696 3200 733 3257; x_wconf 90' lang='lat' dir='ltr'><strong>ad</strong></span> <span class='ocrx_word' id='word_1_170' title='bbox 751 3203 846 3273; x_wconf 87' lang='lat' dir='ltr'><strong>ipsam</strong></span> <span class='ocrx_word' id='word_1_171' title='bbox 865 3201 969 3257; x_wconf 90' lang='lat' dir='ltr'><strong>domus</strong></span> <span class='ocrx_word' id='word_1_172' title='bbox 987 3209 1094 3256; x_wconf 71' lang='lat' dir='ltr'><strong>nostra&gt;</strong></span> <span class='ocrx_word' id='word_1_173' title='bbox 1113 3201 1285 3256; x_wconf 89' lang='lat' dir='ltr'><strong>celerariam</strong></span> <span class='ocrx_word' id='word_1_174' title='bbox 1304 3203 1450 3273; x_wconf 90' lang='lat' dir='ltr'><strong>pertinen·</strong></span> <span class='ocrx_word' id='word_1_175' title='bbox 1464 3179 1607 3284; x_wconf 46' lang='lat' dir='ltr'><strong>Aieffl&#39;m</strong></span> 
     </span>
    </p>
   </div>
   <div class='ocr_carea' id='block_1_10' title="bbox 396 3282 1570 3379">
    <p class='ocr_par' dir='ltr' id='par_1_11' title="bbox 396 3282 1570 3379">
     <span class='ocr_line' id='line_1_23' title="bbox 396 3282 1570 3379; baseline 0 -39"><span class='ocrx_word' id='word_1_176' title='bbox 396 3284 486 3341; x_wconf 85' lang='lat' dir='ltr'><strong>tium:</strong></span> <span class='ocrx_word' id='word_1_177' title='bbox 513 3284 640 3340; x_wconf 79' lang='lat' dir='ltr'><strong>Roberto</strong></span> <span class='ocrx_word' id='word_1_178' title='bbox 658 3302 728 3340; x_wconf 86' lang='lat' dir='ltr'><strong>vcro</strong></span> <span class='ocrx_word' id='word_1_179' title='bbox 746 3301 847 3340; x_wconf 88' lang='lat' dir='ltr'><strong>omncs</strong></span> <span class='ocrx_word' id='word_1_180' title='bbox 865 3286 1065 3356; x_wconf 83' lang='lat' dir='ltr'><strong>possessiones</strong></span> <span class='ocrx_word' id='word_1_181' title='bbox 1078 3292 1108 3340; x_wconf 88' lang='lat' dir='ltr'><strong>et</strong></span> <span class='ocrx_word' id='word_1_182' title='bbox 1118 3284 1259 3340; x_wconf 88' lang='lat' dir='ltr'><strong>beneficia</strong></span> <span class='ocrx_word' id='word_1_183' title='bbox 1270 3282 1307 3339; x_wconf 89' lang='lat' dir='ltr'><strong>ad</strong></span> <span class='ocrx_word' id='word_1_184' title='bbox 1320 3285 1450 3340; x_wconf 79' lang='lat' dir='ltr'><strong>ecclesias</strong></span> <span class='ocrx_word' id='word_1_185' title='bbox 1463 3332 1531 3379; x_wconf 59' lang='lat' dir='ltr'><strong>lm)</strong></span> <span class='ocrx_word' id='word_1_186' title='bbox 1563 3313 1570 3334; x_wconf 66' lang='lat' dir='ltr'><strong>r</strong></span> 
     </span>
    </p>
   </div>
   <div class='ocr_carea' id='block_1_11' title="bbox 395 3367 1599 3486">
    <p class='ocr_par' dir='ltr' id='par_1_12' title="bbox 395 3367 1599 3486">
     <span class='ocr_line' id='line_1_24' title="bbox 395 3367 1599 3486; baseline 0.003 -64"><span class='ocrx_word' id='word_1_187' title='bbox 395 3373 500 3424; x_wconf 84' lang='lat' dir='ltr'><strong>nostrae</strong></span> <span class='ocrx_word' id='word_1_188' title='bbox 530 3368 728 3424; x_wconf 73' lang='lat' dir='ltr'><strong>sacristariam</strong></span> <span class='ocrx_word' id='word_1_189' title='bbox 757 3369 943 3440; x_wconf 83' lang='lat' dir='ltr'><strong>pertinentia,</strong></span> <span class='ocrx_word' id='word_1_190' title='bbox 972 3387 1040 3424; x_wconf 89' lang='lat' dir='ltr'><strong>cum</strong></span> <span class='ocrx_word' id='word_1_191' title='bbox 1068 3367 1166 3423; x_wconf 86' lang='lat' dir='ltr'><strong>debita</strong></span> <span class='ocrx_word' id='word_1_192' title='bbox 1190 3368 1360 3438; x_wconf 80' lang='lat' dir='ltr'><strong>integritate</strong></span> <span class='ocrx_word' id='word_1_193' title='bbox 1385 3369 1450 3425; x_wconf 79' lang='lat' dir='ltr'><strong>vioe</strong></span> <span class='ocrx_word' id='word_1_194' title='bbox 1463 3381 1512 3474; x_wconf 47' lang='lat'>{1¹3¹</span> <span class='ocrx_word' id='word_1_195' title='bbox 1509 3381 1599 3486; x_wconf 50' lang='lat' dir='ltr'><strong>diffini</strong></span> 
     </span>
    </p>
   </div>
   <div class='ocr_carea' id='block_1_12' title="bbox 304 3451 1562 3526">
    <p class='ocr_par' dir='ltr' id='par_1_13' title="bbox 304 3451 1562 3526">
     <span class='ocr_line' id='line_1_25' title="bbox 304 3451 1562 3526; baseline 0.004 -21"><span class='ocrx_word' id='word_1_196' title='bbox 304 3494 310 3505; x_wconf 85' lang='lat'><strong>.</strong></span> <span class='ocrx_word' id='word_1_197' title='bbox 395 3458 493 3508; x_wconf 86' lang='lat' dir='ltr'><strong>nostra</strong></span> <span class='ocrx_word' id='word_1_198' title='bbox 510 3452 588 3508; x_wconf 87' lang='lat' dir='ltr'><strong>tradi</strong></span> <span class='ocrx_word' id='word_1_199' title='bbox 606 3452 729 3517; x_wconf 87' lang='lat' dir='ltr'><strong>faciatis,</strong></span> <span class='ocrx_word' id='word_1_200' title='bbox 751 3460 781 3508; x_wconf 87' lang='lat' dir='ltr'><strong>et</strong></span> <span class='ocrx_word' id='word_1_201' title='bbox 798 3453 923 3507; x_wconf 84' lang='lat' dir='ltr'><strong>liberam</strong></span> <span class='ocrx_word' id='word_1_202' title='bbox 948 3452 1079 3507; x_wconf 89' lang='lat' dir='ltr'><strong>omnium</strong></span> <span class='ocrx_word' id='word_1_203' title='bbox 1103 3451 1272 3507; x_wconf 83' lang='lat' dir='ltr'><strong>reddituum</strong></span> <span class='ocrx_word' id='word_1_204' title='bbox 1291 3456 1321 3506; x_wconf 88' lang='lat' dir='ltr'><strong>et</strong></span> <span class='ocrx_word' id='word_1_205' title='bbox 1338 3469 1451 3522; x_wconf 87' lang='lat' dir='ltr'><strong>posses·</strong></span> <span class='ocrx_word' id='word_1_206' title='bbox 1463 3481 1562 3526; x_wconf 77' lang='lat' dir='ltr'><strong>chemin</strong></span> 
     </span>
    </p>
   </div>
   <div class='ocr_carea' id='block_1_13' title="bbox 396 3534 1599 4011">
    <p class='ocr_par' dir='ltr' id='par_1_14' title="bbox 396 3534 1599 3943">
     <span class='ocr_line' id='line_1_26' title="bbox 396 3534 1599 3607; baseline 0 -16"><span class='ocrx_word' id='word_1_207' title='bbox 396 3535 509 3591; x_wconf 88' lang='lat' dir='ltr'><strong>sionum</strong></span> <span class='ocrx_word' id='word_1_208' title='bbox 534 3536 571 3590; x_wconf 89' lang='lat' dir='ltr'><strong>ad</strong></span> <span class='ocrx_word' id='word_1_209' title='bbox 596 3542 753 3607; x_wconf 88' lang='lat' dir='ltr'><strong>utrumque</strong></span> <span class='ocrx_word' id='word_1_210' title='bbox 772 3536 898 3591; x_wconf 88' lang='lat' dir='ltr'><strong>officium</strong></span> <span class='ocrx_word' id='word_1_211' title='bbox 916 3542 976 3591; x_wconf 88' lang='lat' dir='ltr'><strong>tam</strong></span> <span class='ocrx_word' id='word_1_212' title='bbox 1002 3535 1150 3590; x_wconf 78' lang='lat' dir='ltr'><strong>celerariae</strong></span> <span class='ocrx_word' id='word_1_213' title='bbox 1169 3553 1257 3605; x_wconf 87' lang='lat' dir='ltr'><strong>quam</strong></span> <span class='ocrx_word' id='word_1_214' title='bbox 1276 3536 1451 3591; x_wconf 81' lang='lat' dir='ltr'><strong>sacristarioe</strong></span> <span class='ocrx_word' id='word_1_215' title='bbox 1463 3534 1599 3584; x_wconf 53' lang='lat' dir='ltr'><strong>Imm·</strong></span> 
     </span>
     <span class='ocr_line' id='line_1_27' title="bbox 396 3619 1451 3690; baseline 0 -16"><span class='ocrx_word' id='word_1_216' title='bbox 396 3619 600 3689; x_wconf 90' lang='lat' dir='ltr'><strong>pertinentium</strong></span> <span class='ocrx_word' id='word_1_217' title='bbox 627 3619 910 3675; x_wconf 84' lang='lat' dir='ltr'><strong>administrationem</strong></span> <span class='ocrx_word' id='word_1_218' title='bbox 935 3620 1104 3674; x_wconf 86' lang='lat' dir='ltr'><strong>auctoritato</strong></span> <span class='ocrx_word' id='word_1_219' title='bbox 1132 3626 1232 3674; x_wconf 88' lang='lat' dir='ltr'><strong>nostra</strong></span> <span class='ocrx_word' id='word_1_220' title='bbox 1265 3620 1337 3690; x_wconf 90' lang='lat' dir='ltr'><strong>ipsis</strong></span> <span class='ocrx_word' id='word_1_221' title='bbox 1370 3637 1451 3675; x_wconf 92' lang='lat' dir='ltr'><strong>com-</strong></span> 
     </span>
     <span class='ocr_line' id='line_1_28' title="bbox 396 3702 1451 3774; baseline 0.002 -17"><span class='ocrx_word' id='word_1_222' title='bbox 396 3703 526 3758; x_wconf 86' lang='lat' dir='ltr'><strong>mittatis.</strong></span> <span class='ocrx_word' id='word_1_223' title='bbox 566 3702 625 3758; x_wconf 85' lang='lat' dir='ltr'><strong>Sed</strong></span> <span class='ocrx_word' id='word_1_224' title='bbox 643 3711 673 3758; x_wconf 83' lang='lat' dir='ltr'><strong>et</strong></span> <span class='ocrx_word' id='word_1_225' title='bbox 690 3703 797 3758; x_wconf 88' lang='lat' dir='ltr'><strong>dilecto</strong></span> <span class='ocrx_word' id='word_1_226' title='bbox 816 3704 877 3757; x_wconf 85' lang='lat' dir='ltr'><strong>filio</strong></span> <span class='ocrx_word' id='word_1_227' title='bbox 895 3709 994 3759; x_wconf 91' lang='lat' dir='ltr'><strong>nostro</strong></span> <span class='ocrx_word' id='word_1_228' title='bbox 1007 3702 1128 3773; x_wconf 82' lang='lat' dir='ltr'><strong>Symoni</strong></span> <span class='ocrx_word' id='word_1_229' title='bbox 1141 3703 1290 3768; x_wconf 89' lang='lat' dir='ltr'><strong>monacho,</strong></span> <span class='ocrx_word' id='word_1_230' title='bbox 1306 3704 1451 3774; x_wconf 88' lang='lat' dir='ltr'><strong>quondam</strong></span> 
     </span>
     <span class='ocr_line' id='line_1_29' title="bbox 397 3786 1452 3858; baseline 0.001 -16"><span class='ocrx_word' id='word_1_231' title='bbox 397 3786 526 3842; x_wconf 71' lang='lat' dir='ltr'><strong>ecciesiae</strong></span> <span class='ocrx_word' id='word_1_232' title='bbox 544 3793 651 3842; x_wconf 70' lang='lat' dir='ltr'><strong>nostrie</strong></span> <span class='ocrx_word' id='word_1_233' title='bbox 669 3788 840 3851; x_wconf 89' lang='lat' dir='ltr'><strong>camerario,</strong></span> <span class='ocrx_word' id='word_1_234' title='bbox 854 3787 1016 3842; x_wconf 83' lang='lat' dir='ltr'><strong>custodiam</strong></span> <span class='ocrx_word' id='word_1_235' title='bbox 1035 3793 1066 3842; x_wconf 86' lang='lat' dir='ltr'><strong>ot</strong></span> <span class='ocrx_word' id='word_1_236' title='bbox 1083 3787 1303 3858; x_wconf 83' lang='lat' dir='ltr'><strong>dispositionem</strong></span> <span class='ocrx_word' id='word_1_237' title='bbox 1322 3788 1452 3843; x_wconf 89' lang='lat' dir='ltr'><strong>omnium</strong></span> 
     </span>
     <span class='ocr_line' id='line_1_30' title="bbox 398 3870 1451 3943; baseline 0.004 -19"><span class='ocrx_word' id='word_1_238' title='bbox 398 3888 578 3943; x_wconf 75' lang='lat' dir='ltr'><strong>rerumquae</strong></span> <span class='ocrx_word' id='word_1_239' title='bbox 606 3871 644 3925; x_wconf 89' lang='lat' dir='ltr'><strong>ad</strong></span> <span class='ocrx_word' id='word_1_240' title='bbox 669 3870 763 3942; x_wconf 88' lang='lat' dir='ltr'><strong>ipsam</strong></span> <span class='ocrx_word' id='word_1_241' title='bbox 789 3889 935 3927; x_wconf 86' lang='lat' dir='ltr'><strong>cameram</strong></span> <span class='ocrx_word' id='word_1_242' title='bbox 953 3871 1101 3942; x_wconf 89' lang='lat' dir='ltr'><strong>pertinere</strong></span> <span class='ocrx_word' id='word_1_243' title='bbox 1119 3876 1289 3935; x_wconf 87' lang='lat' dir='ltr'><strong>noscuntur,</strong></span> <span class='ocrx_word' id='word_1_244' title='bbox 1310 3888 1345 3925; x_wconf 83' lang='lat' dir='ltr'><strong>ex</strong></span> <span class='ocrx_word' id='word_1_245' title='bbox 1368 3878 1451 3942; x_wconf 88' lang='lat' dir='ltr'><strong>parte</strong></span> 
     </span>
    </p>

    <p class='ocr_par' dir='ltr' id='par_1_15' title="bbox 398 3954 709 4011">
     <span class='ocr_line' id='line_1_31' title="bbox 398 3954 709 4011; baseline 0 0"><span class='ocrx_word' id='word_1_246' title='bbox 398 3961 495 4011; x_wconf 86' lang='lat' dir='ltr'><strong>nostra</strong></span> <span class='ocrx_word' id='word_1_247' title='bbox 512 3954 709 4011; x_wconf 85' lang='lat' dir='ltr'><strong>committatis.</strong></span> 
     </span>
    </p>
   </div>
   <div class='ocr_carea' id='block_1_14' title="bbox 444 4132 1608 4236">
    <p class='ocr_par' dir='ltr' id='par_1_16' title="bbox 444 4132 1608 4236">
     <span class='ocr_line' id='line_1_32' title="bbox 444 4132 1608 4236; baseline -0.009 -33"><span class='ocrx_word' id='word_1_248' title='bbox 444 4147 542 4204; x_wconf 83' lang='lat' dir='ltr'><strong>cxn.</strong></span> <span class='ocrx_word' id='word_1_249' title='bbox 581 4147 738 4202; x_wconf 78' lang='lat' dir='ltr'><strong>Hsnmcos</strong></span> <span class='ocrx_word' id='word_1_250' title='bbox 752 4163 809 4202; x_wconf 81' lang='lat' dir='ltr'><strong>aar</strong></span> <span class='ocrx_word' id='word_1_251' title='bbox 827 4162 918 4202; x_wconf 79' lang='lat' dir='ltr'><strong>amau</strong></span> <span class='ocrx_word' id='word_1_252' title='bbox 937 4162 970 4202; x_wconf 83' lang='lat' dir='ltr'><strong>m</strong></span> <span class='ocrx_word' id='word_1_253' title='bbox 989 4146 1145 4201; x_wconf 71' lang='lat' dir='ltr'><strong>Baranam</strong></span> <span class='ocrx_word' id='word_1_254' title='bbox 1163 4158 1200 4198; x_wconf 81' lang='lat' dir='ltr'><strong>aa</strong></span> <span class='ocrx_word' id='word_1_255' title='bbox 1219 4142 1396 4199; x_wconf 70' lang='lat' dir='ltr'><strong>Garamas.</strong></span> <span class='ocrx_word' id='word_1_256' title='bbox 1477 4132 1608 4236; x_wconf 48' lang='lat' dir='ltr'><strong>Affiffi</strong></span> 
     </span>
    </p>
   </div>
   <div class='ocr_carea' id='block_1_15' title="bbox 349 4254 1621 5084">
    <p class='ocr_par' dir='ltr' id='par_1_17' title="bbox 349 4254 1621 5084">
     <span class='ocr_line' id='line_1_33' title="bbox 433 4254 1545 4330; baseline -0.005 -17"><span class='ocrx_word' id='word_1_257' title='bbox 433 4258 540 4314; x_wconf 82' lang='lat' dir='ltr'><strong>Sciatis</strong></span> <span class='ocrx_word' id='word_1_258' title='bbox 568 4259 648 4330; x_wconf 88' lang='lat' dir='ltr'><strong>quod</strong></span> <span class='ocrx_word' id='word_1_259' title='bbox 672 4258 797 4315; x_wconf 82' lang='lat' dir='ltr'><strong>tractavi</strong></span> <span class='ocrx_word' id='word_1_260' title='bbox 815 4259 852 4313; x_wconf 89' lang='lat' dir='ltr'><strong>de</strong></span> <span class='ocrx_word' id='word_1_261' title='bbox 878 4275 949 4329; x_wconf 89' lang='lat' dir='ltr'><strong>pace</strong></span> <span class='ocrx_word' id='word_1_262' title='bbox 975 4257 1052 4311; x_wconf 89' lang='lat' dir='ltr'><strong>inter</strong></span> <span class='ocrx_word' id='word_1_263' title='bbox 1080 4255 1230 4310; x_wconf 91' lang='lat' dir='ltr'><strong>dominum</strong></span> <span class='ocrx_word' id='word_1_264' title='bbox 1248 4254 1451 4309; x_wconf 81' lang='lat' dir='ltr'><strong>Baldewinum</strong></span> <span class='ocrx_word' id='word_1_265' title='bbox 1464 4255 1545 4302; x_wconf 71' lang='lat' dir='ltr'><strong>ahohi</strong></span> 
     </span>
     <span class='ocr_line' id='line_1_34' title="bbox 400 4308 1608 4413; baseline -0.005 -16"><span class='ocrx_word' id='word_1_266' title='bbox 400 4339 637 4397; x_wconf 85' lang='lat' dir='ltr'><strong>Gantnariensem</strong></span> <span class='ocrx_word' id='word_1_267' title='bbox 662 4342 915 4413; x_wconf 86' lang='lat' dir='ltr'><strong>archiepiscopum</strong></span> <span class='ocrx_word' id='word_1_268' title='bbox 942 4347 972 4396; x_wconf 92' lang='lat' dir='ltr'><strong>et</strong></span> <span class='ocrx_word' id='word_1_269' title='bbox 988 4339 1145 4394; x_wconf 89' lang='lat' dir='ltr'><strong>monachos</strong></span> <span class='ocrx_word' id='word_1_270' title='bbox 1164 4336 1401 4402; x_wconf 81' lang='lat' dir='ltr'><strong>Cantuarienscs,</strong></span> <span class='ocrx_word' id='word_1_271' title='bbox 1422 4343 1452 4393; x_wconf 91' lang='lat' dir='ltr'><strong>et</strong></span> <span class='ocrx_word' id='word_1_272' title='bbox 1463 4308 1608 4412; x_wconf 47' lang='lat' dir='ltr'><strong>dimum</strong></span> 
     </span>
     <span class='ocr_line' id='line_1_35' title="bbox 399 4408 1621 4505; baseline -0.007 -23"><span class='ocrx_word' id='word_1_273' title='bbox 399 4425 428 4481; x_wconf 90' lang='lat' dir='ltr'><strong>in</strong></span> <span class='ocrx_word' id='word_1_274' title='bbox 451 4431 566 4482; x_wconf 88' lang='lat' dir='ltr'><strong>tantum</strong></span> <span class='ocrx_word' id='word_1_275' title='bbox 584 4426 682 4496; x_wconf 79' lang='lat' dir='ltr'><strong>gratia</strong></span> <span class='ocrx_word' id='word_1_276' title='bbox 700 4426 756 4480; x_wconf 91' lang='lat' dir='ltr'><strong>Dei</strong></span> <span class='ocrx_word' id='word_1_277' title='bbox 775 4425 895 4496; x_wconf 85' lang='lat' dir='ltr'><strong>profeci,</strong></span> <span class='ocrx_word' id='word_1_278' title='bbox 922 4423 1000 4494; x_wconf 90' lang='lat' dir='ltr'><strong>quod</strong></span> <span class='ocrx_word' id='word_1_279' title='bbox 1018 4423 1166 4478; x_wconf 83' lang='lat' dir='ltr'><strong>Robcrtus</strong></span> <span class='ocrx_word' id='word_1_280' title='bbox 1185 4421 1309 4477; x_wconf 86' lang='lat' dir='ltr'><strong>sacrista</strong></span> <span class='ocrx_word' id='word_1_281' title='bbox 1327 4420 1451 4475; x_wconf 84' lang='lat' dir='ltr'><strong>Cantua·</strong></span> <span class='ocrx_word' id='word_1_282' title='bbox 1464 4408 1621 4505; x_wconf 45' lang='lat' dir='ltr'><strong>fflffiw</strong></span> 
     </span>
     <span class='ocr_line' id='line_1_36' title="bbox 399 4503 1594 4580; baseline -0.005 -18"><span class='ocrx_word' id='word_1_283' title='bbox 399 4508 504 4564; x_wconf 88' lang='lat' dir='ltr'><strong>riensis</strong></span> <span class='ocrx_word' id='word_1_284' title='bbox 522 4508 655 4564; x_wconf 68' lang='lat' dir='ltr'><strong>ecclesiae</strong></span> <span class='ocrx_word' id='word_1_285' title='bbox 673 4509 704 4562; x_wconf 90' lang='lat' dir='ltr'><strong>in</strong></span> <span class='ocrx_word' id='word_1_286' title='bbox 722 4509 879 4580; x_wconf 79' lang='lat' dir='ltr'><strong>praesentia</strong></span> <span class='ocrx_word' id='word_1_287' title='bbox 896 4525 963 4563; x_wconf 88' lang='lat' dir='ltr'><strong>mea</strong></span> <span class='ocrx_word' id='word_1_288' title='bbox 980 4514 1010 4562; x_wconf 89' lang='lat' dir='ltr'><strong>ct</strong></span> <span class='ocrx_word' id='word_1_289' title='bbox 1027 4507 1170 4561; x_wconf 88' lang='lat' dir='ltr'><strong>baronum</strong></span> <span class='ocrx_word' id='word_1_290' title='bbox 1188 4521 1321 4559; x_wconf 90' lang='lat' dir='ltr'><strong>meorum</strong></span> <span class='ocrx_word' id='word_1_291' title='bbox 1339 4503 1452 4575; x_wconf 85' lang='lat' dir='ltr'><strong>recepit</strong></span> <span class='ocrx_word' id='word_1_292' title='bbox 1464 4509 1594 4553; x_wconf 75' lang='lat' dir='ltr'><strong>tioterthat</strong></span> 
     </span>
     <span class='ocr_line' id='line_1_37' title="bbox 400 4560 1596 4662; baseline -0.005 -14"><span class='ocrx_word' id='word_1_293' title='bbox 400 4592 595 4649; x_wconf 85' lang='lat' dir='ltr'><strong>sacristariam</strong></span> <span class='ocrx_word' id='word_1_294' title='bbox 620 4591 753 4648; x_wconf 74' lang='lat' dir='ltr'><strong>ecclesiae</strong></span> <span class='ocrx_word' id='word_1_295' title='bbox 772 4591 992 4648; x_wconf 80' lang='lat' dir='ltr'><strong>Cantauricnsis</strong></span> <span class='ocrx_word' id='word_1_296' title='bbox 1011 4591 1047 4646; x_wconf 90' lang='lat' dir='ltr'><strong>do</strong></span> <span class='ocrx_word' id='word_1_297' title='bbox 1066 4608 1155 4645; x_wconf 91' lang='lat' dir='ltr'><strong>manu</strong></span> <span class='ocrx_word' id='word_1_298' title='bbox 1173 4589 1268 4661; x_wconf 89' lang='lat' dir='ltr'><strong>ipsius</strong></span> <span class='ocrx_word' id='word_1_299' title='bbox 1287 4587 1450 4643; x_wconf 81' lang='lat' dir='ltr'><strong>Baldcwini</strong></span> <span class='ocrx_word' id='word_1_300' title='bbox 1463 4560 1596 4662; x_wconf 49' lang='lat' dir='ltr'><strong>diffidi,</strong></span> 
     </span>
     <span class='ocr_line' id='line_1_38' title="bbox 399 4660 1614 4761; baseline -0.004 -29"><span class='ocrx_word' id='word_1_301' title='bbox 399 4675 617 4732; x_wconf 83' lang='lat' dir='ltr'><strong>Gantuariensis</strong></span> <span class='ocrx_word' id='word_1_302' title='bbox 647 4675 869 4746; x_wconf 89' lang='lat' dir='ltr'><strong>archiepiscopi,</strong></span> <span class='ocrx_word' id='word_1_303' title='bbox 897 4681 928 4731; x_wconf 90' lang='lat' dir='ltr'><strong>ct</strong></span> <span class='ocrx_word' id='word_1_304' title='bbox 953 4674 1032 4729; x_wconf 88' lang='lat' dir='ltr'><strong>idom</strong></span> <span class='ocrx_word' id='word_1_305' title='bbox 1058 4673 1297 4746; x_wconf 86' lang='lat' dir='ltr'><strong>archiepiscopus</strong></span> <span class='ocrx_word' id='word_1_306' title='bbox 1328 4672 1452 4728; x_wconf 89' lang='lat' dir='ltr'><strong>tradidit</strong></span> <span class='ocrx_word' id='word_1_307' title='bbox 1463 4660 1614 4761; x_wconf 51' lang='lat' dir='ltr'><strong>ffidrgyffssgff</strong></span> 
     </span>
     <span class='ocr_line' id='line_1_39' title="bbox 398 4755 1577 4829; baseline -0.005 -14"><span class='ocrx_word' id='word_1_308' title='bbox 398 4760 492 4817; x_wconf 89' lang='lat' dir='ltr'><strong>eidem</strong></span> <span class='ocrx_word' id='word_1_309' title='bbox 511 4761 640 4817; x_wconf 85' lang='lat' dir='ltr'><strong>Roberto</strong></span> <span class='ocrx_word' id='word_1_310' title='bbox 657 4760 821 4816; x_wconf 87' lang='lat' dir='ltr'><strong>custodiam</strong></span> <span class='ocrx_word' id='word_1_311' title='bbox 846 4759 976 4814; x_wconf 86' lang='lat' dir='ltr'><strong>omnium</strong></span> <span class='ocrx_word' id='word_1_312' title='bbox 1004 4758 1221 4829; x_wconf 84' lang='lat' dir='ltr'><strong>possessionum</strong></span> <span class='ocrx_word' id='word_1_313' title='bbox 1240 4764 1271 4812; x_wconf 91' lang='lat' dir='ltr'><strong>et</strong></span> <span class='ocrx_word' id='word_1_314' title='bbox 1295 4774 1395 4811; x_wconf 88' lang='lat' dir='ltr'><strong>rorum</strong></span> <span class='ocrx_word' id='word_1_315' title='bbox 1415 4755 1452 4810; x_wconf 93' lang='lat' dir='ltr'><strong>ad</strong></span> <span class='ocrx_word' id='word_1_316' title='bbox 1465 4761 1577 4804; x_wconf 65' lang='lat' dir='ltr'><strong>laniant!</strong></span> 
     </span>
     <span class='ocr_line' id='line_1_40' title="bbox 399 4810 1594 4914; baseline -0.008 -13"><span class='ocrx_word' id='word_1_317' title='bbox 399 4846 519 4901; x_wconf 82' lang='lat' dir='ltr'><strong>eandem</strong></span> <span class='ocrx_word' id='word_1_318' title='bbox 546 4846 745 4901; x_wconf 87' lang='lat' dir='ltr'><strong>sacristariam</strong></span> <span class='ocrx_word' id='word_1_319' title='bbox 769 4842 990 4914; x_wconf 86' lang='lat' dir='ltr'><strong>pertinentium.</strong></span> <span class='ocrx_word' id='word_1_320' title='bbox 1028 4842 1145 4911; x_wconf 84' lang='lat' dir='ltr'><strong>Rogoro</strong></span> <span class='ocrx_word' id='word_1_321' title='bbox 1173 4847 1271 4896; x_wconf 88' lang='lat' dir='ltr'><strong>autom</strong></span> <span class='ocrx_word' id='word_1_322' title='bbox 1297 4841 1325 4894; x_wconf 93' lang='lat' dir='ltr'><strong>lo</strong></span> <span class='ocrx_word' id='word_1_323' title='bbox 1343 4840 1450 4894; x_wconf 83' lang='lat' dir='ltr'><strong>Noreis</strong></span> <span class='ocrx_word' id='word_1_324' title='bbox 1464 4810 1594 4905; x_wconf 41' lang='lat' dir='ltr'><strong>mim</strong></span> 
     </span>
     <span class='ocr_line' id='line_1_41' title="bbox 349 4924 1450 4996; baseline -0.008 -10"><span class='ocrx_word' id='word_1_325' title='bbox 349 4934 357 4951; x_wconf 82' lang='lat'>⁸</span> <span class='ocrx_word' id='word_1_326' title='bbox 399 4930 538 4985; x_wconf 87' lang='lat' dir='ltr'><strong>monacho</strong></span> <span class='ocrx_word' id='word_1_327' title='bbox 557 4928 762 4985; x_wconf 75' lang='lat' dir='ltr'><strong>cantuariensi</strong></span> <span class='ocrx_word' id='word_1_328' title='bbox 780 4926 903 4984; x_wconf 86' lang='lat' dir='ltr'><strong>tradidit</strong></span> <span class='ocrx_word' id='word_1_329' title='bbox 920 4926 1093 4982; x_wconf 88' lang='lat' dir='ltr'><strong>celerariam</strong></span> <span class='ocrx_word' id='word_1_330' title='bbox 1118 4925 1213 4996; x_wconf 90' lang='lat' dir='ltr'><strong>ipsius</strong></span> <span class='ocrx_word' id='word_1_331' title='bbox 1232 4924 1364 4979; x_wconf 76' lang='lat' dir='ltr'><strong>ecclesia</strong></span> <span class='ocrx_word' id='word_1_332' title='bbox 1382 4939 1450 4978; x_wconf 91' lang='lat' dir='ltr'><strong>curn</strong></span> 
     </span>
     <span class='ocr_line' id='line_1_42' title="bbox 399 5005 1595 5084; baseline -0.003 -16"><span class='ocrx_word' id='word_1_333' title='bbox 399 5012 531 5069; x_wconf 76' lang='lat' dir='ltr'><strong>emtodia</strong></span> <span class='ocrx_word' id='word_1_334' title='bbox 548 5006 766 5084; x_wconf 82' lang='lat' dir='ltr'><strong>possessionum</strong></span> <span class='ocrx_word' id='word_1_335' title='bbox 784 5018 815 5068; x_wconf 86' lang='lat' dir='ltr'><strong>ct</strong></span> <span class='ocrx_word' id='word_1_336' title='bbox 837 5011 968 5067; x_wconf 90' lang='lat' dir='ltr'><strong>omnium</strong></span> <span class='ocrx_word' id='word_1_337' title='bbox 985 5026 1086 5064; x_wconf 85' lang='lat' dir='ltr'><strong>rerum</strong></span> <span class='ocrx_word' id='word_1_338' title='bbox 1105 5008 1142 5063; x_wconf 91' lang='lat' dir='ltr'><strong>ad</strong></span> <span class='ocrx_word' id='word_1_339' title='bbox 1167 5009 1261 5078; x_wconf 90' lang='lat' dir='ltr'><strong>ipsam</strong></span> <span class='ocrx_word' id='word_1_340' title='bbox 1279 5005 1451 5061; x_wconf 85' lang='lat' dir='ltr'><strong>celerariam</strong></span> <span class='ocrx_word' id='word_1_341' title='bbox 1492 5019 1595 5064; x_wconf 65' lang='lat' dir='ltr'><strong>naam.</strong></span> 
     </span>
    </p>
   </div>
   <div class='ocr_carea' id='block_1_16' title="bbox 399 5088 1452 5166">
    <p class='ocr_par' dir='ltr' id='par_1_18' title="bbox 399 5088 1452 5166">
     <span class='ocr_line' id='line_1_43' title="bbox 399 5088 1452 5166; baseline -0.009 -13"><span class='ocrx_word' id='word_1_342' title='bbox 399 5096 616 5166; x_wconf 86' lang='lat' dir='ltr'><strong>pertinentium.</strong></span> <span class='ocrx_word' id='word_1_343' title='bbox 655 5095 808 5153; x_wconf 75' lang='lat' dir='ltr'><strong>concessit</strong></span> <span class='ocrx_word' id='word_1_344' title='bbox 831 5095 921 5152; x_wconf 87' lang='lat' dir='ltr'><strong>etiam</strong></span> <span class='ocrx_word' id='word_1_345' title='bbox 940 5092 1062 5164; x_wconf 82' lang='lat' dir='ltr'><strong>Symoni</strong></span> <span class='ocrx_word' id='word_1_346' title='bbox 1081 5090 1242 5147; x_wconf 87' lang='lat' dir='ltr'><strong>camerario</strong></span> <span class='ocrx_word' id='word_1_347' title='bbox 1260 5088 1452 5145; x_wconf 87' lang='lat' dir='ltr'><strong>camerariam</strong></span> 
     </span>
    </p>
   </div>
   <div class='ocr_carea' id='block_1_17' title="bbox 0 0 2110 6388">
    <p class='ocr_par' dir='ltr' id='par_1_19' title="bbox 0 0 2110 6388">
     <span class='ocr_line' id='line_1_44' title="bbox 0 0 2110 6388; baseline 0 0"><span class='ocrx_word' id='word_1_348' title='bbox 0 0 2110 6388; x_wconf 95' lang='lat' dir='ltr'><strong> </strong></span> 
     </span>
    </p>
   </div>
  </div>
 </body>
</html>
