4192 6392
856 1187 1045 1239 mmm.
1414 1176 1476 1241 561

466 1359 506 1416 iv.
523 1361 582 1416 kal.
603 1360 751 1419 Octobres.
789 1361 981 1419 Formannus.

465 1445 509 1499 iii.
528 1446 587 1501 kal.
606 1446 754 1502 Octobres.
790 1447 843 1502 Ob.
856 1447 1032 1503 Benedictus
1050 1447 1139 1503 abbas
1157 1447 1317 1520 deBurgo,
1332 1447 1477 1520 quondam
1507 1455 1628 1504 muts.

429 1528 588 1586 monachus
605 1536 713 1586 nostro
732 1531 979 1602 congregationis,
999 1548 1054 1602 pro
1078 1549 1136 1603 quo
1154 1532 1206 1588 fiet
1228 1532 1383 1588 servitium
1401 1533 1478 1589 sicut

429 1629 484 1683 pro
500 1631 560 1668 uno
577 1613 805 1685 archiepiscopo.

464 1697 515 1752 xii.
532 1699 591 1752 kal.
610 1698 804 1754 Novembres.
840 1699 918 1754 Item
936 1699 1011 1755 obiit
1026 1700 1200 1756 venerandas
1223 1701 1373 1757 memorioe
1390 1719 1477 1757 vene·
1507 1706 1632 1754 mnes.

429 1781 532 1837 rabilis
549 1782 631 1853 prior
648 1782 807 1847 Honorius,
826 1783 919 1838 honos
937 1789 968 1838 et
985 1783 1153 1854 exemplum
1170 1792 1232 1840 tam
1249 1784 1477 1857 praecedentium

429 1882 518 1935 quam
535 1866 702 1921 futurorum
718 1867 860 1937 priorum.
897 1866 958 1922 Hie
976 1867 1084 1938 spretis
1103 1868 1284 1938 parentibus,
1298 1868 1431 1941 prioratu
1445 1876 1476 1926 et

430 1948 534 2020 patria,
552 1968 606 2020 pro
624 1949 732 2006 tuenda
748 1951 884 2006 libertate
902 1951 1034 2007 ecclesia
1053 1969 1113 2007 suae
1131 1951 1204 2007 cdiit
1222 1952 1321 2008 sedem
1338 1954 1476 2024 apostoli·

429 2049 504 2088 cam.
539 2033 587 2089 Ibi
604 2033 635 2088 in
651 2034 853 2106 prosecutione
871 2034 1086 2106 appellationis,
1108 2054 1196 2107 quam
1219 2037 1251 2091 in
1269 2037 1394 2094 ecclesia
1418 2038 1476 2093 ista

429 2116 547 2182 fecerat,
566 2135 640 2189 pene
659 2136 713 2190 per
729 2119 879 2173 biennium
905 2125 1100 2174 commoratus
1125 2124 1179 2175 est.
1219 2119 1313 2190 Quem
1337 2139 1405 2176 cum
1421 2139 1476 2177 nec

427 2201 537 2258 laboris
555 2204 736 2259 immensitas
753 2221 807 2259 nec
818 2203 1015 2260 tribulationis
1027 2204 1174 2260 acerbitas
1187 2205 1344 2277 aliquando
1355 2212 1477 2278 possent

429 2287 573 2355 evincere,
591 2288 640 2343 vel
667 2289 796 2344 animum
820 2289 885 2359 ejus
915 2288 952 2342 ab
976 2305 1076 2344 amore
1100 2294 1131 2344 et
1156 2288 1213 2344 fide
1240 2298 1400 2347 conventus
1428 2291 1475 2347 sui

426 2387 575 2437 revocare,
604 2372 722 2428 taudem
751 2373 782 2426 iu
806 2372 879 2426 urbe
904 2371 1035 2426 Romana
1060 2373 1190 2442 corrupti
1217 2373 1295 2428 aeris
1322 2379 1474 2445 correptus

428 2455 606 2524 pestilentia,
632 2474 691 2511 una
715 2473 782 2511 cum
806 2456 935 2527 quinque
953 2455 1095 2510 fratribus
1124 2455 1175 2526 qui
1200 2472 1232 2511 se
1260 2457 1397 2512 similiter
1420 2475 1475 2529 pro

427 2538 552 2595 ecclesia
568 2558 622 2595 sua
638 2540 769 2613 periculo
786 2545 1008 2612 proposuerunt,
1022 2538 1154 2594 debitum
1166 2539 1281 2595 solvens
1293 2541 1472 2607 mortalium,

424 2620 457 2675 in
474 2622 599 2678 ecclesia
615 2623 787 2680 Latrauensi
805 2623 884 2677 diem
901 2623 1009 2678 clausit
1033 2628 1207 2681 extremum.
1244 2622 1360 2678 Ibidem
1384 2623 1473 2679 bono·

424 2704 507 2760 rifice
525 2707 657 2778 sepultus
682 2714 728 2763 est
752 2707 784 2762 in
808 2707 884 2763 ostio
901 2706 1033 2778 capituli.
1064 2707 1104 2763 Et
1120 2707 1173 2763 fiet
1191 2706 1348 2762 servitium
1365 2725 1418 2778 pro
1436 2725 1472 2763 eo

426 2804 481 2858 per
498 2790 595 2846 omnia
612 2791 689 2847 sicut
705 2809 758 2864 pro
775 2791 917 2863 Wyberto
936 2790 1042 2862 priore.

463 2872 495 2927 ii.
514 2892 604 2931 nonas
628 2875 818 2931 Novembres.
855 2875 908 2930 Ob.
938 2874 1073 2930 dominus
1103 2873 1286 2930 Theobaldus
1316 2873 1471 2946 episcopus
1502 2876 1624 2924 &11⁸8-

429 2953 584 3015 Ostiensis.

460 3040 510 3095 xii.
530 3042 588 3096 kal.
608 3043 794 3099 Decembres.
830 3043 988 3114 Balwynus
1007 3041 1258 3114 archiepiscopus.
1502 3054 1624 3101 mnae.

460 3124 511 3179 vii.
531 3126 589 3181 kal.
608 3126 751 3182 Januarii.
786 3127 848 3182 Pius
872 3126 1082 3182 recordationis
1107 3126 1289 3198 Reginaldns
1319 3126 1472 3198 episcopus
1501 3129 1622 3174 elram

424 3207 618 3274 Batoniensis,
651 3211 796 3281 quondam
814 3210 924 3266 electus
943 3210 1174 3275 Oantuariensis,
1193 3228 1246 3282 pro
1265 3229 1323 3282 quo
1342 3211 1393 3266 fiet
1411 3228 1471 3267 ser·

426 3291 532 3349 vitium
549 3294 580 3348 iu
598 3300 740 3350 conventu
758 3294 835 3350 sicut
851 3311 905 3364 pro
922 3311 981 3348 uno
998 3294 1226 3365 archiepiscopo.

460 3376 503 3431 iii.
533 3377 592 3432 kal.
620 3378 764 3433 Jannarii.
808 3378 870 3433 Pie
901 3378 1050 3433 memoriae
1081 3377 1223 3449 Sampson
1251 3377 1341 3433 abbas
1369 3377 1470 3434 Sancti
1501 3378 1623 3425 ΛΜΝ·

428 3458 576 3516 Edmundi
593 3461 683 3533 regis.
