4192 6392
616 1131 681 1193 138
897 1142 1071 1195 uelatum
1092 1142 1379 1208 emmerammus,

458 1424 585 1520 fflffi·
704 1423 842 1482 CLXIII.
878 1426 1068 1484 Tarouanna
1086 1427 1234 1485 Osrmssrs
1250 1441 1398 1485 nrrsoorus
1417 1427 1583 1486 Gouvusrul

584 1507 591 1521 ⁴
1026 1513 1249 1569 Osrwsnmssr.

447 1642 603 1740 gaam
651 1640 745 1711 Quam
782 1662 857 1716 puro
886 1646 973 1702 corda
1002 1651 1033 1701 et
1071 1645 1184 1701 siucero
1219 1645 1326 1702 affectu
1361 1662 1478 1700 ssorum
1507 1643 1667 1717 collegium

447 1747 590 1850 ‘timp‘
616 1734 747 1822 uestrum
764 1728 932 1801 diligamus,
947 1736 977 1786 et
988 1729 1109 1785 utilitati
1128 1735 1158 1785 et
1168 1729 1272 1785 honori
1283 1735 1382 1786 vestro
1399 1747 1453 1804 pro
1470 1747 1556 1802 posse
1567 1735 1668 1787 nostm

446 1845 589 1950 m
615 1812 1667 1969 ihs*aitit?stittttlttttttt‘tffi

615 1982 735 2047 iaciunt,
756 1982 854 2054 ipsum
880 1982 912 2036 id
936 1982 1092 2038 efficaciter
1113 1982 1199 2053 juxta
1215 1987 1346 2038 nostram
1363 1981 1588 2053 possibilitatem
1606 1982 1668 2039 siut

615 2065 736 2137 experti,
756 2071 787 2121 et
803 2066 869 2140 ipsa
885 2083 985 2121 rerum
1002 2065 1112 2121 indicia
1132 2066 1283 2121 evidenter
1306 2066 1463 2122 declarent.
1500 2065 1614 2123 Verum
1631 2072 1667 2124 ut

614 2150 720 2206 melius
743 2156 873 2206 nostram
896 2151 1023 2206 noscatis
1046 2151 1236 2216 voluntatem,
1257 2151 1335 2205 etin
1351 2151 1476 2206 veritate
1495 2150 1594 2207 sciatis
1611 2168 1666 2206 nos

613 2240 743 2289 vestram
769 2234 967 2290 indubitanter
990 2235 1116 2307 diligere
1141 2235 1304 2300 ecclesiam,
1325 2241 1355 2290 et
1378 2253 1431 2306 pro
1456 2234 1583 2306 negotiis
1600 2253 1667 2290 ves·

615 2318 669 2374 tris
686 2318 891 2390 promovendis
918 2324 1017 2390 partes
1044 2325 1158 2374 nostras
1184 2319 1310 2374 sollicite
1337 2325 1368 2374 et
1392 2318 1551 2390 diligenter
1575 2317 1666 2374 inter-

614 2420 730 2473 ponere,
751 2403 951 2456 incunctanter
968 2403 1090 2466 noverit,
1104 2408 1204 2458 vestra
1222 2402 1349 2468 dileetio.
1377 2402 1455 2474 quod
1472 2401 1510 2457 ad
1526 2403 1667 2458 honorem

447 2485 602 2543 fl⁰l⁸¹¹v¹⁸5⁸
615 2492 645 2540 et
662 2486 883 2541 indemnitatem
901 2492 1030 2541 vestram
1055 2493 1220 2559 promptam
1238 2492 1268 2542 et
1285 2492 1427 2558 paratam,
1450 2486 1563 2557 quoties
1581 2485 1667 2541 vobis

445 2537 576 2634 ligitiii
613 2589 686 2641 opus
716 2570 814 2634 fuerit,
846 2570 1048 2626 adhibebimus
1084 2571 1329 2635 sollicitudinem
1363 2577 1393 2626 et
1421 2570 1458 2627 de
1487 2569 1571 2625 nobis
1601 2575 1665 2627 tan·

445 2642 550 2685 mul·
614 2673 702 2726 quam
715 2655 751 2710 de
770 2655 889 2728 speciali
908 2656 1002 2709 amico
1020 2661 1119 2709 vestro
1137 2661 1248 2710 certam
1267 2660 1297 2709 et
1315 2672 1446 2710 securam
1458 2654 1579 2726 potestis
1591 2654 1666 2710 fidu·

613 2741 689 2795 ciam
718 2745 877 2811 reportare.
929 2740 1004 2795 Sane
1035 2741 1106 2812 quia
1135 2740 1251 2796 domino
1280 2758 1363 2812 papas
1395 2739 1538 2811 Gregorio
1568 2739 1666 2796 felicis

613 2825 823 2889 recordatiouis
836 2825 952 2881 sublato
970 2825 1006 2880 de
1024 2824 1131 2891 medie,
1147 2826 1198 2899 qui
1215 2843 1268 2896 per
1286 2842 1393 2895 paucos
1411 2822 1474 2879 dies
1492 2824 1524 2878 in
1541 2823 1668 2878 eeclesia

444 2914 549 2961 clement
555 2915 602 2961 111.
614 2908 670 2963 Dei
683 2908 768 2974 sedit,
789 2914 820 2964 et
837 2909 996 2965 substitute
1008 2909 1125 2964 domiuo
1137 2908 1297 2973 Clemente,
1312 2907 1457 2979 qnondam
1472 2907 1664 2972 Praenestino,

445 2965 595 3062 ffiffi„
613 2993 765 3065 negotium
782 3000 924 3057 vestrum,
945 2994 1034 3048 immo
1052 2993 1131 3049 beati
1143 2993 1281 3066 martyris
1299 2992 1418 3047 Thomas
1436 2991 1665 3062 archipraesulis,

444 3067 593 3162 ffffnffllffl
613 3095 671 3132 non
688 3077 785 3148 potuit
803 3077 898 3132 adhuc
916 3076 953 3132 ad
971 3083 1103 3149 optatum
1121 3078 1208 3132 finem
1226 3077 1362 3149 perduci:
1387 3076 1515 3148 oportuit
1532 3079 1567 3129 ut
1582 3075 1681 3146 prior·

444 3167 551 3228 emetha
614 3161 714 3216 etalii
741 3162 846 3216 fratres
873 3161 965 3217 vestri
991 3161 1154 3232 longiorem
1181 3162 1210 3215 in
1237 3161 1319 3215 ouria
1340 3161 1469 3214 facerent
1492 3176 1614 3222 moram,
1634 3167 1667 3214 et

445 3220 601 3323 ffisslgffid
612 3252 731 3318 propter
749 3246 975 3301 consolationem
992 3251 1122 3302 vestram
1147 3251 1177 3300 et
1201 3245 1354 3317 proprium
1372 3242 1564 3308 commodum,
1585 3243 1666 3314 quod

445 3320 646 3385 “imment
680 3337 812 3393 nostmm
846 3329 1045 3385 desideramus
1075 3330 1107 3383 in
1137 3329 1271 3393 Domine,
1303 3328 1381 3398 quod
1415 3327 1494 3382 beati
1523 3327 1664 3398 martyris

612 3415 729 3469 Thomae
742 3415 987 3470 intercedentibus
1001 3414 1124 3477 meritis,
1139 3413 1271 3468 ecclesiae
1288 3419 1395 3468 vestrae
1412 3411 1564 3485 negotium
1582 3416 1664 3483 opta-

611 3505 675 3554 tum
693 3502 832 3555 sortietur
850 3499 995 3565 cffectum‚
1015 3502 1058 3554 ita
1083 3497 1161 3571 quod
1187 3504 1217 3552 et
1241 3497 1303 3552 Deo
1329 3496 1385 3565 Qui
1402 3514 1460 3550 non
1484 3495 1663 3567 derelinquit

612 3593 762 3654 sperantes
780 3585 811 3638 in
825 3584 872 3647 Se,
892 3583 1079 3638 multimodus
1101 3582 1274 3654 persolvetis
1293 3582 1455 3653 gratiarum
1473 3581 1611 3645 actiones,
1631 3588 1662 3636 et

612 3686 664 3722 nes
683 3674 712 3722 ct
730 3669 803 3723 alios
821 3669 1019 3722 benefactores
1037 3673 1151 3722 vestros
1170 3667 1314 3721 habebitis
1338 3667 1473 3720 cariores.
1518 3665 1566 3720 Ad
1586 3666 1660 3731 hmo,

594 3746 690 3807 'sicut
707 3751 885 3823 perpendero
903 3751 1048 3805 veraciter
1071 3752 1229 3822 potuimus,
1257 3768 1407 3822 speramus
1433 3750 1509 3823 quod
1528 3750 1662 3804 dominus

613 3854 688 3908 papa
717 3836 800 3890 vobis
830 3836 957 3890 clemens
988 3835 1045 3889 erit
1080 3842 1110 3889 et
1145 3835 1299 3907 propitius,
1332 3842 1362 3888 et
1390 3839 1495 3888 vestrm
1531 3834 1664 3891 intendet

612 3921 743 3976 utilitati.

455 4155 587 4251 &affin
670 4160 806 4215 CLXIV.
846 4159 995 4213 Gaurnmo
1014 4173 1162 4213 surrmonr
1182 4173 1292 4223 euroin
1311 4173 1443 4212 animun
1460 4176 1479 4212 a
1498 4159 1601 4213 Ousia.

445 4317 574 4360 oneorthe
649 4311 793 4366 Dilatavit
811 4309 954 4364 Dominus
974 4307 1162 4363 tabernacula
1181 4307 1359 4361 fortitudinis
1380 4314 1495 4372 vestrae,
1517 4310 1663 4380 quiajam

446 4368 594 4461 i'ffgmii
617 4397 742 4452 mundus
762 4397 878 4458 clamat,
900 4394 968 4464 quia
987 4393 1083 4447 fuistis
1110 4394 1199 4446 fortes
1224 4392 1254 4445 in
1278 4392 1355 4446 bello
1381 4399 1411 4448 et
1436 4394 1520 4447 fixius
1540 4395 1664 4450 stetistis

446 4469 600 4562 fflffilffi
612 4502 666 4554 pro
685 4481 789 4536 eastris
808 4479 911 4533 Israel.
947 4477 1025 4532 Vere
1045 4476 1135 4531 stabit
1152 4482 1249 4530 vestra
1266 4475 1430 4547 prudentia,
1452 4478 1477 4531 si
1496 4478 1582 4531 finem
1601 4497 1663 4533 sor-

445 4571 488 4612 sub
506 4568 667 4621 norinatim
684 4566 775 4620 fuerit
791 4570 891 4618 vestra
908 4562 1078 4616 constantia.
1117 4560 1203 4616 Omni
1228 4563 1396 4616 constantim
1417 4567 1523 4616 restroe
1541 4561 1662 4633 deputa·

445 4634 459 4672 ⁸
510 4634 580 4666 ΜΒ·
611 4652 692 4705 bitur
709 4657 808 4703 nostra
825 4649 956 4702 motoria.
1004 4647 1042 4700 Et
1061 4647 1086 4699 si
1104 4664 1156 4700 nos
1183 4647 1344 4717 poterimus
1369 4653 1465 4701 castra
1483 4652 1661 4713 construere,

612 4743 743 4790 vestrum
762 4740 807 4787 est
828 4732 1000 4786 beneficium
1026 4731 1148 4801 qumsita
1175 4749 1355 4786 conservare.
1403 4731 1434 4785 Si
1463 4732 1663 4788 infirmitatem

612 4828 741 4877 nostram
760 4819 939 4880 eonfitemur,
963 4816 1086 4871 stultum
1111 4814 1208 4870 reddit
1231 4816 1435 4886 desperatum3
1460 4823 1663 4873 verumtamen

446 4917 527 4959 Urhan
536 4918 583 4978 lli.
614 4901 755 4976 [infirma]
769 4903 806 4956 hu
807 4902 857 4972 jus
870 4901 971 4954 mundi
984 4899 1220 4969 olegitD011s‚ut
1233 4901 1319 4953 sortia
1331 4901 1660 4972 ‹lunaqueconfunderet
1677 4918 1689 4956 1
1701 4915 1752 4959 Cer.
1762 4917 1814 4963 tat,

446 4980 492 5009 Μ’
500 4969 558 5059 poor
566 4981 591 5011 ¹¹¹
612 4987 835 5043 Memorandum
853 4985 975 5038 novistis
993 4984 1145 5037 Urbanum
1164 4984 1258 5055 magis
1277 4984 1386 5038 virtute
1406 5002 1493 5054 quam
1515 4985 1613 5049 verbe,
1636 4988 1663 5041 si

445 5030 500 5058 WOl'l

447 5020 562 5111 doedand
612 5074 684 5128 bene
703 5071 832 5126 recolitis
851 5089 916 5139 qum
929 5067 1008 5123 dicta
1026 5074 1102 5132 suut,
1118 5068 1188 5137 quia
1204 5068 1277 5123 bene
1291 5070 1438 5124 animosus
1457 5069 1514 5124 suit
1531 5069 1662 5141 inopere
