4192 6392
609 1117 652 1179 ts
899 1128 1070 1177 srrsrosn
1093 1122 1382 1184 olrsutsisn‘srs,

440 1304 574 1380 ‚ssD·¹‚¹⁸⁷·
607 1314 746 1379 rostram,
768 1332 856 1385 quam
875 1313 954 1368 Deus
974 1320 1091 1385 augeat,
1112 1313 1255 1368 vellemus
1275 1314 1306 1367 in
1324 1311 1423 1383 aliquo
1445 1309 1579 1369 diminui.
1616 1311 1666 1369 Iu·

438 1368 590 1463 diffini
607 1399 732 1469 dulgeat
750 1398 794 1453 eis
813 1398 957 1453 Dominus
985 1396 1036 1467 qui
1062 1397 1240 1452 sinceritatis
1259 1401 1365 1452 vestrae
1394 1396 1515 1452 auribus
1540 1395 1665 1453 verbum

438 1467 561 1563 ,ξᾟῇξ
606 1482 662 1537 hoo
680 1482 745 1537 ausi
764 1487 832 1536 sunt
859 1480 1004 1535 intimare.
1042 1479 1135 1535 Aliud
1160 1487 1207 1534 est
1232 1479 1310 1550 quod
1337 1479 1526 1543 intendimus,
1555 1483 1587 1535 et
1608 1478 1665 1534 boo

438 1568 556 1660 ΨΜ
606 1565 704 1637 ipsum
721 1582 775 1637 pro
787 1565 893 1621 timore
912 1564 969 1619 Dei
986 1563 1121 1619 omittere
1140 1582 1197 1619 non
1210 1563 1362 1627 audemus,
1376 1569 1411 1618 ut
1422 1563 1548 1619 ecclesia
1563 1561 1667 1634 inqua

438 1620 564 1712 affirm
607 1650 662 1705 sub
679 1650 860 1722 protectione
872 1654 971 1705 vestra
982 1647 1083 1703 divino
1102 1647 1196 1703 officio
1214 1647 1346 1718 deputati
1365 1665 1478 1712 sumus,
1499 1652 1531 1702 et
1548 1644 1586 1701 de
1602 1664 1667 1702 mu·

438 1681 675 1788 “harere
700 1733 804 1804 gratiae
829 1737 936 1788 vestrm
962 1748 1079 1802 semper
1105 1730 1136 1785 in
1160 1748 1232 1802 pace
1259 1729 1397 1794 viximus,
1417 1729 1511 1802 possit
1531 1730 1564 1786 in
1587 1734 1665 1787 satu

607 1835 660 1873 suo
678 1824 709 1872 et
726 1817 896 1888 integritate
914 1816 1083 1887 persistere,
1107 1821 1138 1870 st
1162 1814 1200 1870 ad
1226 1814 1367 1871 honorem
1385 1814 1442 1870 Dei
1469 1820 1500 1871 et
1520 1819 1663 1879 sestmm,

606 1901 783 1972 dignitatem
808 1901 937 1956 debitam
964 1916 1146 1954 conservare.
1185 1898 1264 1954 Hinc
1289 1906 1344 1965 est,
1372 1898 1498 1963 domino,
1527 1897 1607 1970 quod
1634 1898 1665 1953 in

439 1982 551 2037 Buttney
607 1983 824 2039 constructione
842 2000 924 2038 novae
951 1982 1085 2038 eeclesiae
1110 1999 1199 2052 quam
1221 1981 1307 2051 juxta
1330 1998 1383 2037 nos
1408 1981 1544 2036 dominus
1572 1980 1666 2037 arohi-

439 2036 525 2127 &iii
533 2046 586 2129 iiii
606 2068 760 2140 episeopus
778 2065 901 2121 fundare
919 2066 993 2129 vult,
1014 2065 1095 2119 nullo
1113 2065 1200 2120 modo
1224 2083 1382 2136 possumus
1401 2064 1576 2129 consentire,
1597 2063 1666 2135 quia

438 2133 580 2228 mam
607 2152 716 2207 ecimus
735 2151 824 2207 istam
842 2168 895 2223 per
913 2150 995 2205 illam
1014 2149 1124 2205 futuris
1150 2150 1333 2219 temporibus
1360 2148 1391 2204 in
1415 2147 1612 2219 dignitatibus
1635 2152 1666 2203 et

438 2232 533 2278 etuas.
607 2233 840 2305 possessionibus
858 2232 1032 2296 laedendam,
1060 2238 1091 2288 et
1114 2230 1201 2287 hodie
1227 2231 1361 2287 videmus
1385 2230 1488 2285 laesam
1505 2247 1581 2287 esse.
1617 2229 1666 2285 Ad

607 2319 670 2374 haeo
687 2318 802 2374 noverit
819 2316 992 2372 excellentia
1008 2321 1118 2379 vestra,
1137 2313 1263 2380 domine,
1278 2315 1357 2386 quod
1370 2313 1505 2371 dominus
1523 2314 1666 2387 arehiepi-

607 2419 712 2472 soopus
729 2419 782 2458 nos
800 2400 940 2456 maneriis
953 2399 1061 2455 nostris
1075 2404 1105 2455 et
1116 2399 1350 2471 possessionibus
1369 2398 1407 2454 sd
1425 2416 1498 2470 quas
1514 2416 1665 2471 nunquam

607 2502 726 2539 manum
743 2484 879 2548 misistis,
901 2483 1050 2554 spoliavit.
1088 2482 1160 2539 Ideo
1172 2482 1321 2554 majestati
1340 2488 1446 2539 vestras
1465 2483 1665 2556 supplicamus

607 2575 760 2639 quatenus,
780 2567 818 2623 ad
835 2568 975 2623 honorem
992 2571 1125 2622 vestrum
1143 2572 1173 2622 et
1191 2568 1325 2632 salutem,
1346 2567 1378 2622 in
1395 2572 1475 2623 statu
1492 2568 1524 2622 in
1542 2585 1601 2639 quo
1611 2584 1664 2622 nos

607 2668 723 2723 semper
741 2651 838 2723 gratia
854 2656 955 2706 vestra
972 2651 1157 2707 conservavit
1175 2651 1289 2706 faciatis
1316 2650 1342 2706 si
1368 2650 1465 2722 placet
1481 2666 1662 2721 permanere.

608 2735 710 2791 Vitam
728 2741 858 2792 vestram
877 2735 958 2790 Deus
977 2739 1131 2790 conservet
1148 2734 1180 2788 in
1197 2740 1328 2805 tempora
1345 2734 1488 2806 longiora.

822 2911 938 2967 LXIII.
975 2910 1099 2965 Usssso
1119 2925 1196 2965 rasis
1215 2911 1368 2966 Hermone
1382 2926 1449 2965 sex.

438 3031 520 3077 rhen
561 3035 581 3078 a.
643 3016 719 3072 Cum
744 3022 944 3073 antecessores
962 3017 1065 3080 vestri,
1094 3016 1142 3087 qui
1170 3016 1278 3073 nostris
1306 3017 1445 3072 sederunt
1471 3015 1661 3088 temporibus,

437 3095 540 3178 fflthe
608 3101 813 3156 consueverint
830 3117 883 3155 uos
902 3099 1037 3171 diligere,
1058 3105 1089 3155 et
1114 3100 1234 3155 lenitate
1257 3106 1379 3172 paterna
1403 3100 1434 3155 in
1458 3098 1591 3156 eeclesias
1608 3099 1663 3155 Ro·

437 3184 559 3278 νίψω·
608 3202 701 3239 manse
720 3184 873 3240 devotione
891 3184 1000 3248 fovere,
1020 3200 1072 3239 vos
1101 3201 1218 3255 quoque
1245 3184 1320 3239 illud
1347 3183 1427 3238 idem
1453 3183 1556 3239 multis
1579 3182 1662 3239 nobis

438 3239 585 3339 iisssqiuuie,
607 3268 717 3325 litteris
735 3267 947 3340 promiseritis,
968 3268 1111 3323 miramur
1130 3268 1209 3338 quod
1221 3284 1273 3324 vos
1291 3268 1324 3322 in
1340 3267 1449 3323 nostris
1461 3266 1661 3339 petitionibus,

606 3352 677 3407 lieet
702 3353 762 3407 sint
785 3351 970 3423 justissimae,
995 3356 1056 3407 tam
1082 3351 1231 3407 difficilem
1254 3351 1439 3417 invenimus3
1465 3368 1533 3406 oum
1550 3351 1582 3406 in
1600 3366 1664 3406 oon·

607 3436 730 3490 scientia
747 3441 849 3491 nostra
866 3453 923 3490 non
941 3435 981 3490 sit
998 3434 1077 3507 quod
1101 3435 1134 3489 in
1159 3434 1258 3505 aliquo
1277 3435 1403 3505 gratiam
1420 3439 1550 3490 vestram
1568 3433 1663 3489 deme·

439 3532 593 3586 apectnlyln
606 3519 763 3573 ruorimus.
800 3518 843 3574 Ut
861 3525 959 3574 autem
978 3517 1014 3572 de
1032 3518 1161 3589 negotiis
1189 3536 1255 3588 quae
1282 3536 1334 3573 nos
1362 3516 1529 3588 specialiter
1553 3516 1663 3573 eontin-

439 3580 586 3676 {fflffi
608 3607 683 3672 gunt
707 3601 825 3655 interim
853 3608 1010 3665 taceamus,
1041 3603 1146 3672 probat
1172 3603 1227 3657 hoc
1257 3600 1409 3672 negotium
1433 3601 1491 3655 viri
1518 3602 1611 3657 saneti
1634 3605 1664 3656 et

438 3681 528 3735 hisnop.
607 3683 791 3748 venerabilis,
806 3685 898 3755 patris
916 3684 1010 3740 nostri
1022 3684 1194 3749 Baldewini‚
1210 3684 1428 3740 cantuariensis
1441 3684 1661 3755 archiepiscopi,

607 3785 660 3838 pro
679 3785 736 3838 quo
748 3768 831 3822 vobis
851 3769 1013 3839 saepissime
1033 3769 1216 3839 scripsimus,
1237 3776 1378 3839 quantum
1391 3769 1494 3823 obnixe
1513 3774 1543 3823 et
1560 3768 1662 3824 devote

607 3851 765 3922 potuimus.
800 3851 858 3906 Sed
875 3853 984 3906 nostris
1004 3852 1265 3923 supplicationibus
1284 3853 1381 3906 minus
1393 3851 1539 3915 admissis,
1554 3852 1661 3924 ipsum,

608 3936 767 3989 immonos
792 3935 823 3989 in
847 3935 921 4006 ipso,
942 3934 979 3989 ad
1005 3935 1109 3990 talium
1134 3953 1325 4006 personarum
1351 3936 1573 4007 suggestionem
1598 3951 1663 4006 qua

608 4018 685 4089 apud
703 4017 879 4089 gravitatem
897 4025 1026 4074 vestram
1045 4019 1213 4074 nullatenus
1233 4025 1332 4074 essent
1350 4018 1511 4084 audenda,
1532 4019 1663 4089 graviter

607 4102 779 4158 molestetis.
817 4102 939 4158 Utinam
964 4103 1080 4159 sciretis
1109 4121 1174 4175 quae
1199 4121 1252 4158 nos
1277 4103 1409 4159 dolentes
1437 4102 1614 4168 audivimus,
1634 4107 1664 4157 et

439 4209 459 4254 p
503 4212 579 4255 50„oe
607 4204 672 4257 quae
690 4185 826 4241 volumus
852 4186 890 4240 ad
914 4193 1030 4258 tempus
1059 4188 1114 4242 sub
1140 4187 1258 4242 silentio
1282 4188 1443 4259 praeterire.
1482 4187 1553 4258 Ipsa
1574 4187 1661 4251 euim,

439 4310 464 4355 ht
493 4263 561 4357 iffi
606 4276 640 4325 ut
657 4270 788 4334 timetur,
809 4270 996 4342 experientia,
1018 4271 1096 4341 quod
1123 4274 1221 4325 tamen
1239 4270 1320 4326 Deus
1348 4277 1470 4336 avertat,
1489 4270 1594 4326 dooere
1611 4288 1662 4326 vos

439 4325 587 4410 valissoitho
606 4356 722 4426 poterit,
750 4372 839 4426 quam
865 4354 1064 4410 necessarium
1089 4353 1172 4409 vobis
1203 4355 1243 4410 sit
1269 4372 1398 4410 amorem
1423 4362 1453 4412 et
1480 4354 1663 4411 devotionem

439 4412 576 4522 lfffifflp·
606 4440 747 4511 principis
775 4439 912 4494 retinere.
957 4438 1114 4494 Manifesta
1142 4439 1232 4493 etiam
1257 4456 1310 4509 per
1340 4438 1489 4494 dominum
1506 4438 1663 4495 Albertum

434 4535 502 4580 tons
511 4545 542 4583 vo.
606 4523 830 4579 cancellarium¹
844 4523 973 4604 probatas
986 4521 1171 4579 discretionis
1185 4529 1215 4577 et
1227 4523 1379 4593 religionis
1392 4524 1489 4578 virum
1508 4524 1584 4578 seire
1602 4528 1664 4594 pot-

641 4721 765 4783 ¹Albsrt
788 4722 901 4772 cardinal
923 4721 1002 4786 priest
1022 4721 1055 4771 oi
1082 4721 1108 4773 S.
1133 4723 1136 4781 l
1163 4722 1198 4786 by
1209 4722 1357 4774 Alexander
1368 4722 1419 4773 111.
1453 4721 1495 4773 He
1511 4736 1564 4773 vas
1580 4721 1662 4789 legate

606 4800 739 4852 Laureuoe
764 4801 791 4850 in
819 4800 927 4862 Lucina,
956 4802 1006 4851 aud
1033 4799 1111 4850 ohan·
1162 4807 1189 4850 to
1200 4800 1303 4850 absolve
1314 4800 1404 4865 Henry
1415 4801 1454 4851 for
1465 4800 1509 4851 the
1518 4802 1623 4853 murder
1636 4800 1668 4852 ol

607 4883 684 4932 cellor
695 4882 726 4931 oi
733 4881 776 4931 the
787 4880 1029 4945 apostoliosee,sras
1037 4880 1111 4929 made
1163 4879 1314 4945 arohbishop
1338 4880 1457 4941 Thomas,
1475 4878 1589 4933 1111171.
1622 4880 1664 4931 He

607 4962 720 5012 cardinal
731 4962 827 5012 deacon
839 4957 1016 5010 audoardinal
1031 4958 1112 5021 priest
1162 4959 1265 5009 bacam
1292 4974 1356 5025 pope
1384 4958 1503 5025 Gregory
1528 4958 1605 5012 vm.
1634 4960 1662 5010 iu

607 5040 641 5105 by
660 5038 775 5090 Hadrian
806 5038 864 5100 1v.‚
888 5037 940 5088 and
967 5035 1111 5087 ohanoellor
1164 5041 1235 5090 1187.
