4192 6392
638 1155 681 1220 46
917 1167 1094 1218 aelsromn
1117 1165 1411 1226 cssvvsmsusss,

488 1372 611 1418 must.
698 1362 795 1418 LVII.
833 1362 852 1417 J
854 1361 991 1418 sorscro¹
1010 1361 1183 1417 cssn1ssn1²
1201 1361 1370 1419 Gosvssrvs
1389 1362 1631 1419 Orumrsnmsms.

468 1479 626 1524 'l'hwwnl
672 1481 800 1537 Pertulit
816 1481 854 1536 ad
878 1499 931 1537 nos
961 1464 1192 1537 commeantium
1212 1482 1345 1546 assertio,
1365 1481 1444 1552 qnod
1469 1481 1562 1552 priori
1587 1486 1691 1537 nostro

469 1530 622 1624 &meror
638 1571 669 1622 et
686 1566 826 1622 fratribus
845 1584 947 1621 aurem
965 1566 1172 1622 favorabiliter
1198 1567 1355 1631 inclinatis,
1374 1576 1404 1622 et
1429 1583 1549 1621 cansam
1567 1565 1696 1623 (lantua-

469 1631 613 1725 fflffl'ss
638 1649 746 1705 riensis
764 1650 896 1705 ecelesiae
913 1656 1012 1722 partes
1029 1654 1150 1705 vestras
1177 1667 1230 1721 pro
1248 1651 1332 1706 nobis
1358 1648 1567 1722 interponendo
1593 1649 1696 1721 benig·

470 1730 589 1784 theprlor,
638 1733 706 1788 nius
731 1733 902 1799 confovetis,
923 1733 979 1788 Dei
1005 1733 1203 1805 proculdubio
1228 1734 1348 1799 intuitu,
1369 1735 1420 1790 sed
1445 1733 1522 1806 quod
1548 1733 1639 1806 agitis
1657 1734 1695 1789 de

639 1815 736 1888 gratia
761 1817 894 1888 procedit
919 1817 1047 1889 puriore.
1095 1817 1213 1872 Gratias
1241 1817 1357 1889 agimus
1385 1817 1565 1872 excellentiae
1587 1822 1695 1873 vestrae

639 1917 694 1972 pro
711 1900 810 1971 gratia
827 1918 916 1971 qnam
934 1918 966 1955 se
1000 1901 1082 1972 prior
1109 1906 1139 1956 et
1165 1901 1271 1957 fratres
1295 1901 1388 1956 nostri
1412 1901 1444 1956 in
1467 1900 1560 1956 oculis
1586 1902 1695 1958 vestris

640 1984 827 2054 gratulantur
853 1985 1015 2050 invenisse,
1035 1985 1300 2056 generositatisque
1324 1990 1432 2041 vestrm
1456 1984 1582 2056 genibus
1609 1984 1696 2041 obvo-

470 2067 629 2162 :nssffifoe
641 2068 706 2132 luti,
727 2068 861 2123 obnixius
879 2068 1083 2140 supplicamus
1101 2086 1201 2124 omnes
1220 2074 1251 2124 et
1275 2069 1396 2140 singuli,
1416 2075 1560 2140 quatenns
1586 2068 1619 2123 ln
1637 2086 1695 2141 quo

470 2181 528 2213 „100
537 2169 607 2213 otha
640 2151 771 2223 coepistis
789 2169 842 2223 pro
860 2153 978 2208 meritis
997 2170 1096 2208 causae
1114 2170 1303 2223 perseverare
1321 2153 1430 2217 velitis,
1450 2158 1484 2207 ut
1500 2152 1593 2208 honor
1610 2152 1694 2208 vobis

470 2221 557 2264 araur.
640 2235 768 2302 accedat,
797 2235 924 2309 amplius
951 2243 1115 2308 praestetur
1141 2242 1171 2292 et
1198 2236 1304 2307 gratia,
1333 2242 1364 2293 et
1386 2254 1440 2292 nos
1470 2253 1523 2308 ope
1548 2240 1647 2292 vestra
1676 2254 1695 2292 a

639 2320 758 2392 negotio
775 2321 831 2377 hoc
848 2321 881 2375 in
898 2321 1030 2376 tenebris
1048 2319 1268 2392 perambulante
1294 2320 1408 2384 salvati,
1428 2320 1511 2375 vobis
1530 2337 1646 2393 semper
1664 2326 1694 2376 ct
1706 2327 1814 2376 hama

639 2405 748 2460 vestris
778 2404 876 2459 devoti
906 2405 1068 2460 debeamus
1099 2411 1128 2460 et
1153 2404 1273 2460 officiosi
1300 2421 1480 2476 permanere.
1530 2402 1563 2459 Si
1593 2409 1693 2459 autem

640 2487 719 2559 quod
745 2487 776 2543 in
801 2487 930 2542 tenebris
956 2488 1084 2543 dIcimus
1112 2488 1171 2543 diei
1198 2493 1298 2560 posset
1325 2489 1356 2542 in
1385 2488 1516 2553 lumine„
1533 2493 1564 2542 et
1590 2505 1691 2544 omnes
1704 2495 1814 2545 saun:

640 2571 738 2627 omnia
755 2571 952 2642 providerent,
971 2589 1058 2626 nemo
1077 2582 1156 2627 esset
1168 2572 1219 2644 qui
1237 2589 1296 2627 non
1314 2577 1505 2627 succurreret.
1543 2551 1725 2628 Caeterum&

639 2654 703 2710 haeo
721 2654 794 2709 alias
815 2660 846 2710 et
870 2654 958 2710 aliter
984 2656 1177 2711 innotescent.
1222 2655 1277 2710 Pia
1302 2660 1370 2710 vota
1395 2660 1494 2711 vestra
1519 2654 1600 2710 Dens
1624 2674 1692 2728 pro·

639 2747 765 2794 moveat.

487 2911 609 3006 effim-
639 2910 754 2967 LVIII.
793 2910 963 2966 Cosvssrus
981 2907 1223 2971 clunienses,
1237 2921 1275 2960 ne
1292 2906 1388 2960 Besso
1406 2921 1440 2961 rr
1457 2923 1494 2962 ns
1512 2907 1692 2964 Fsvnnsssu

557 2975 580 3016 ἵ·
904 3009 939 3047 er
958 2992 1066 3048 Sascrr
1083 2991 1245 3044 Arouarnu
1264 3005 1429 3045 inermos.

469 3106 627 3154 uheeonvent
676 3101 867 3174 speravimus
886 3099 964 3170 quod
991 3097 1126 3152 dominns
1153 3103 1183 3151 et
1208 3102 1292 3168 pater
1318 3104 1417 3152 noster
1443 3086 1707 3174 archiepiscopus,

468 3159 615 3255 {wlff
640 3186 774 3258 quamvis
793 3183 963 3240 mandatnm
982 3182 1174 3255 apostolicum
1199 3182 1278 3236 circa
1301 3199 1353 3236 nos
1380 3182 1503 3253 implere
1529 3184 1689 3250 distulerit,

467 3259 601 3363 {fflfflu
640 3270 745 3326 saltem
771 3271 827 3325 hae
851 3269 927 3333 vice,
948 3268 1026 3323 sicut
1050 3266 1171 3321 edoctus
1196 3265 1367 3330 dinoscitur,
1394 3257 1538 3323 voluntati
1564 3270 1692 3341 propriae

468 3362 627 3456 pffiffl
639 3353 834 3408 obedientiam
853 3357 1040 3423 anteponens,
1057 3351 1144 3421 juxta
1162 3348 1240 3421 quod
1265 3350 1297 3404 in
1321 3349 1465 3405 mandatis
1483 3352 1605 3423 accepit,
1626 3371 1692 3426 quae

468 3461 585 3513 osum,
639 3438 719 3492 circa
753 3437 853 3493 locum
884 3436 974 3490 illum
999 3435 1203 3491 scandalorum
1233 3440 1284 3488 orit
1314 3440 1423 3488 etatum
1458 3442 1592 3491 nostrum
1627 3448 1693 3509 post

469 3511 592 3604 ffif'tssl'
638 3519 864 3591 appellationem
883 3519 1092 3590 interpositam
1110 3519 1248 3572 innovata
1266 3524 1341 3582 sunt,
1360 3518 1541 3573 reformaret.
1577 3520 1690 3575 Verum

468 3613 600 3674 praesecto
638 3605 708 3675 quia
722 3605 785 3674 jam
804 3604 901 3674 spatio
919 3603 1061 3674 temporis
1080 3601 1188 3656 indulti
1207 3602 1314 3672 elapso,
1334 3618 1387 3656 nec
1406 3620 1497 3656 unum
1515 3620 1550 3657 ex
1567 3603 1605 3658 iis
1625 3623 1690 3675 qum

467 3666 593 3706 mm
637 3689 665 3741 ei
692 3688 825 3758 injuncta
851 3694 929 3751 sunt,
956 3688 1004 3742 vel
1035 3687 1106 3741 sccit
1132 3685 1181 3740 vel
1210 3686 1341 3740 secturus
1368 3685 1494 3750 videtur,
1521 3688 1689 3758 paternitati

636 3778 742 3826 vestrae
756 3771 854 3842 suppli
860 3788 960 3825 carnus
973 3771 1123 3833 attentius,
1138 3776 1281 3841 quatenus
1295 3787 1360 3839 qum
1373 3770 1478 3824 secisse
1491 3770 1592 3825 debuit
1605 3773 1690 3843 juxta

636 3857 759 3911 formam
786 3855 929 3926 jussionis
959 3854 1129 3926 apostolicae
1159 3853 1323 3908 executioni
1353 3854 1490 3908 mandare
1520 3855 1629 3921 velitis,
1655 3864 1690 3911 ut

635 3940 765 3995 debono
784 3939 966 4003 obedientiae,
987 3939 1108 4009 zeloque
1123 3937 1258 4007 justitias,
1279 3955 1347 3992 cum
1367 3937 1485 4009 justitia
1503 3945 1688 3995 convertetur
1700 3953 1814 4001 Psalmxc

635 4026 666 4079 in
688 4023 845 4095 judicium,
869 4023 994 4095 justitiae
1021 4022 1188 4077 mercedem
1212 4022 1379 4093 reportetis.
1425 4023 1480 4078 Pia
1497 4031 1566 4078 vota
1589 4008 1734 4082 vestran·

493 4107 596 4150 roura
636 4108 717 4163 Deus
734 4113 913 4180 promoveat.

484 4283 607 4385 spfipyrsr.
751 4278 832 4366 LIX.
870 4277 1042 4330 Risimus
1061 4293 1098 4331 nn
1118 4276 1282 4331 Genuam
1301 4292 1404 4331 unnsrr
1422 4293 1460 4332 oa:
1478 4279 1591 4349 Besso.¹

468 4396 558 4439 Ranulr
671 4387 817 4457 Praecipio
829 4385 884 4439 tibi
903 4402 938 4438 ex
956 4391 1039 4456 porte
1054 4384 1162 4438 domini
1175 4385 1266 4453 regis,
1281 4383 1432 4454 perfidem
1446 4402 1534 4455 quam
1547 4385 1575 4439 ei
1587 4385 1685 4449 debes,

464 4446 569 4542 fflffiffl
581 4448 625 4490 ‘⁰³‘
637 4477 666 4524 et
683 4489 735 4541 per
754 4483 968 4525 sacramentum
988 4469 1066 4538 quod
1084 4469 1111 4522 ei
1130 4468 1249 4531 fecisti?
1261 4478 1295 4521 ut
1306 4469 1387 4522 nullo
1399 4469 1485 4523 modo
1504 4469 1644 4540 procedas
1657 4471 1688 4523 in

636 4606 782 4613 -—-.—

670 4673 676 4702 ¹
694 4672 824 4736 Jacmca]
844 4673 967 4730 Incinct0‚
980 4671 1037 4721 MS.
1186 4671 1212 4718 in
1228 4674 1298 4718 1191.
1334 4669 1374 4719 lle
1386 4670 1439 4719 also
1452 4685 1502 4719 vas
1513 4683 1529 4717 a
1539 4684 1688 4734 correspon.

667 4756 678 4783 ’·’
694 4751 857 4816 Hyacinthus
869 4752 948 4809 Bobo,
957 4750 1069 4800 cardinal
1079 4752 1138 4799 dca-
1185 4749 1286 4798 dentes
1300 4748 1325 4798 S.
1337 4749 1455 4799 Thomas.

634 4849 683 4883 con
702 4833 732 4881 of
748 4831 774 4881 S.
791 4832 867 4895 Mary
884 4831 911 4879 in
929 4830 1083 4880 Conedinz
1105 4829 1137 4879 he
1218 4827 1338 4893 ³sscisti]
1358 4829 1440 4880 debes.
1459 4827 1516 4879 MS.
1552 4827 1618 4878 This
1638 4831 1687 4878 and

634 4928 686 4961 vas
697 4913 771 4961 made
782 4910 895 4961 cardinal
906 4909 987 4958 either
997 4908 1032 4972 by
1043 4908 1137 4958 Lucius
1184 4908 1226 4957 the
1245 4908 1380 4972 following.
1392 4908 1464 4957 letter
1475 4922 1518 4956 are
1528 4906 1557 4957 in
1569 4907 1688 4969 Gervaee,

634 4991 680 5044 ΙΙ..
691 5006 720 5040 or
730 4993 765 5055 by
778 4989 904 5040 Celestine
914 4987 959 5045 IL,
975 4988 1052 5036 about
1065 4992 1137 5048 1144,
1186 4992 1257 5037 1503.

634 5071 685 5118 and
699 5070 801 5119 became
815 5082 888 5131 pape,
899 5080 927 5116 aa
937 5065 1065 5118 celesune
1077 5066 1136 5125 111,
