4192 6392
546 1178 612 1241 262
828 1191 1002 1240 sersrcnn
1025 1187 1319 1241 clnrunararsss

390 1369 513 1464 &Diffi
548 1366 691 1421 destituti.
726 1365 793 1421 Non
811 1365 890 1421 enim
907 1367 1043 1438 proponit
1068 1371 1168 1422 satiata
1185 1364 1332 1436 scriptura
1350 1368 1518 1418 sanctorum
1535 1378 1600 1432 per-

382 1433 485 1534 14,ζίοΓ
512 1432 530 1463 Γ·
549 1450 737 1514 secutionem,
751 1450 802 1505 ubi
819 1469 877 1506 non
895 1451 1060 1506 subscribat
1070 1451 1119 1506 vel
1130 1449 1321 1521 temporalem
1339 1447 1541 1503 liberationem
1554 1443 1601 1498 vol

379 1542 497 1627 fflffi'
550 1542 689 1591 mtornam
699 1553 753 1606 pro
767 1535 867 1591 labore
879 1553 1023 1591 coronam.
1052 1534 1174 1591 Valetc:
1195 1553 1248 1606 pro
1266 1531 1502 1604 persecutoribus
1521 1535 1601 1586 orate

439 1614 445 1626 '
550 1619 755 1685 indesinenter,
776 1638 812 1674 ne
831 1620 912 1675 Deus
931 1621 974 1675 eis
995 1620 1173 1676 mtemaliter
1191 1620 1318 1690 imputet
1335 1617 1413 1689 quod
1431 1617 1601 1687 ignoranter

550 1705 745 1770 committunt,
764 1711 795 1760 ct
811 1724 865 1762 nos
882 1706 988 1762 vestris
1007 1705 1186 1762 orationibus
1205 1704 1299 1760 socios
1317 1707 1347 1758 et
1363 1699 1601 1758 tribulationibus

550 1789 714 1861 dignemini
732 1791 856 1846 efficere.

392 2020 532 2074 &nauiter
670 2006 893 2068 CCLXXVHI.
931 2009 1066 2066 Oramus
1084 2008 1300 2066 Omnlrmmus
1319 2005 1487 2064 Conversus

968 2094 1209 2151 Gaurummssrs.

384 2226 540 2323 Ξὲιιιζέὲιὲιξὲι
588 2220 818 2282 Universitatem
853 2233 991 2292 vestram,
1023 2225 1133 2281 domini
1164 2232 1195 2281 et
1223 2232 1321 2297 patres
1352 2221 1516 2285 reverendi,
1548 2237 1603 2274 uon

384 2307 701 2422 hmpdinautofflffimuss
729 2309 876 2381 ignorare,
908 2311 1035 2383 qualiter
1065 2311 1102 2365 ad
1129 2310 1229 2366 sedem
1259 2309 1448 2381 apostolicam
1473 2311 1603 2376 tempore

401 2394 414 2422 a

385 2444 396 2473 b

423 2381 512 2476 ΡΨ
554 2399 661 2448 saneta)
687 2395 897 2452 recordationis
915 2395 1029 2452 Urbani
1056 2413 1148 2467 popm,
1176 2413 1229 2466 pro
1248 2400 1327 2450 statu
1348 2391 1479 2448 eeclesias
1497 2393 1603 2445 nostrae

554 2477 775 2549 appellavimus,
790 2487 821 2535 et
838 2479 980 2551 quosdam
992 2480 1029 2535 de
1041 2480 1182 2536 fratribus
1196 2481 1305 2535 nostris
1318 2496 1384 2534 eum
1397 2477 1494 2549 priore
1506 2480 1604 2529 nostro

553 2562 591 2618 ad
608 2565 839 2636 prosequendam
857 2565 1080 2638 appellationem
1104 2572 1233 2620 nostram
1260 2563 1480 2619 destinavimus.
1518 2559 1604 2615 Nune

553 2652 651 2703 autem
669 2654 818 2705 crescente
843 2650 945 2705 morbo
970 2655 1001 2705 et
1029 2648 1220 2705 crudescente
1247 2647 1379 2712 materia,
1400 2663 1467 2701 cum
1484 2662 1542 2699 non
1567 2642 1605 2697 sit

552 2731 636 2787 nobis
662 2733 779 2804 adjutor
803 2751 858 2789 neo
884 2741 1032 2805 protector
1061 2734 1093 2788 in
1119 2733 1308 2790 tribulatione
1338 2738 1447 2798 nostra,
1476 2745 1604 2799 eousque

553 2816 672 2872 deducti
699 2837 811 2884 sumus,
839 2818 917 2891 quod
944 2819 1002 2874 nisi
1029 2836 1097 2875 cum
1123 2836 1238 2874 summa
1265 2816 1415 2872 eeleritate
1442 2811 1604 2871 sanctitatis

553 2907 659 2957 vestras
693 2904 852 2958 sentiamus
887 2903 1038 2969 auxilium,
1066 2903 1098 2957 in
1125 2903 1257 2974 proximo
1284 2907 1330 2957 est
1363 2907 1397 2955 nt
1429 2896 1605 2954 miserabilis

554 2985 623 3041 vitae
640 2991 748 3041 nostra
766 2987 900 3042 miserias
918 3005 1018 3042 omnes
1029 2988 1141 3058 pariter
1158 2987 1262 3042 mortis
1280 2984 1452 3058 compendio
1469 2981 1605 3038 termine·

387 3076 497 3177 anegare
554 3089 631 3126 mus.
667 3071 743 3126 Cum
773 3071 852 3126 enim
881 3072 970 3127 rebus
999 3077 1029 3126 et
1054 3069 1217 3126 redditibus
1249 3070 1383 3126 omnibus
1409 3067 1553 3123 violenter
1577 3070 1606 3120 et

387 3134 528 3230 ffiffifflss
555 3154 785 3212 oxnaordinarie
808 3156 871 3227 jam
888 3156 984 3212 multo
1001 3163 1134 3228 temporo
1159 3156 1278 3228 spoliati
1296 3173 1407 3218 sumus,
1426 3171 1485 3208 non
1512 3151 1606 3207 solum

387 3237 445 3287 ⁰⁰³5·
554 3240 638 3297 nobis
656 3239 797 3297 victualia
808 3240 845 3296 de
857 3240 904 3295 die
917 3240 948 3296 in
959 3240 1038 3296 diem
1051 3240 1199 3306 deficiunt,
1214 3240 1266 3295 sed
1277 3258 1331 3294 noc
1344 3238 1432 3294 etiam
1444 3235 1482 3292 ad
1494 3234 1603 3290 mendi·

555 3326 680 3384 candum
697 3344 803 3398 panem
820 3333 962 3392 nostrum,
977 3332 1007 3382 et
1018 3333 1121 3398 potum
1139 3327 1336 3398 lacrymarum
1355 3343 1442 3397 quem
1460 3324 1496 3378 de
1515 3322 1604 3379 calice
1616 3316 1725 3373 aalma

556 3411 691 3467 maeroris
709 3412 762 3467 sed
780 3412 844 3467 sine
861 3429 1001 3468 mensura
1013 3410 1186 3483 accipimus,
1200 3412 1291 3467 libere
1304 3409 1383 3465 exiro
1396 3409 1603 3481 permittimur.

555 3496 719 3567 Eapropter
752 3495 954 3552 universitatis
991 3502 1098 3552 vestrm
1132 3495 1257 3567 pedibus
1294 3513 1394 3550 omnes
1427 3500 1469 3561 ets
1497 3492 1606 3565 singuli

556 3581 587 3634 in
614 3580 696 3635 luctu
724 3586 755 3635 et
780 3579 919 3653 lacrymis
938 3581 1086 3653 provoluti
1110 3581 1303 3652 postulamus,
1331 3586 1474 3652 qnatenus
1502 3579 1606 3634 divina

557 3664 754 3719 miserationis
791 3665 900 3720 intuitu
935 3673 966 3720 ct
1002 3665 1124 3737 gloriosi
1159 3666 1298 3738 martyris
1328 3664 1447 3719 Thomas
1477 3665 1605 3725 obtentu,

557 3748 773 3804 calamitatibus
787 3750 896 3804 nostris
915 3756 945 3805 ot
962 3749 1090 3806 miseriis
1102 3750 1247 3806 maturius
1267 3748 1423 3806 subvenire
1436 3747 1605 3819 dignemini,

558 3833 751 3897 attendentes,
765 3834 791 3887 si
809 3834 914 3904 placet,
933 3833 965 3888 iu
984 3841 1093 3906 quanta
1110 3835 1304 3890 {amaritudine
1322 3834 1419 3889 anima
1436 3840 1537 3890 nostra
1554 3840 1606 3897 est,

392 3927 518 3975 Tin-irne-
559 3920 610 3990 qui
640 3937 697 3974 non
728 3918 823 3973 solum
852 3919 1020 3975 nniversam
1050 3920 1243 3976 substantiam
1272 3926 1412 3984 nostram,
1441 3921 1492 3974 sod
1523 3919 1607 3974 etiam

391 3983 509 4079 ἓξζζᾎξξυ
559 4005 666 4059 fratres
685 4010 799 4059 nostros
818 4011 849 4059 ot
866 4003 1016 4060 ministros
1034 4023 1137 4061 eorum
1155 4004 1287 4061 incuria
1298 4005 1429 4059 Romana
1447 4004 1606 4059 amisimus.

355 4102 357 4107 '
391 4083 456 4128 dm·
560 4088 689 4156 Quorum
720 4088 893 4159 sanguinem
924 4107 981 4145 nna
1010 4109 1078 4145 curn
1108 4097 1207 4146 nostro
1237 4109 1274 4145 ne
1304 4087 1436 4161 requirat
1463 4090 1543 4145 Deus
1575 4090 1608 4143 de

560 4173 694 4228 mentibus
713 4172 829 4239 vestris,
850 4174 946 4241 finem,
968 4174 993 4230 si
1011 4177 1116 4247 placet,
1133 4175 1241 4233 nostris
1261 4174 1437 4247 quamcitius
1456 4174 1607 4247 imponetis·

559 4260 713 4331 augustiis.

561 4490 750 4549 CCLXXIX.
787 4492 955 4549 Conversus
974 4493 1203 4550 Gnaruamrssrs
1228 4510 1300 4550 oum
1327 4508 1430 4549 anunm
1449 4505 1609 4561 deletaque

948 4594 1018 4633 rum
1037 4595 1139 4634 saevas
1157 4595 1230 4633 asse,

396 4710 549 4774 ‘strenua-ent
597 4703 634 4757 ln
671 4712 779 4773 ‹qlianta
814 4702 1001 4758 mendicitate
1038 4709 1068 4756 et
1103 4701 1222 4756 miseria
1255 4703 1317 4773 jam
1354 4702 1446 4758 multo
1484 4712 1610 4774 ternpore

394 4767 523 4858 {iffiffll
563 4786 732 4853 vixerimus,
753 4790 783 4842 et
801 4789 925 4842 maxime
943 4793 1100 4858 postquam
1118 4804 1136 4840 a
1163 4793 1245 4858 patre
1271 4793 1370 4841 nostro
1395 4788 1611 4859 archiepiscopo

396 4866 532 4959 ἷξὲἳξῖωῑῦ·
564 4891 616 4944 pro
643 4873 848 4927 conservandis
874 4871 1006 4927 eeclesia
1033 4876 1140 4926 nostran
1167 4871 1361 4941 dignitatibus
1389 4879 1418 4926 et
1438 4873 1609 4943 privilegiis,

564 4957 651 5011 rebus
683 4964 712 5011 et
742 4956 906 5011 redditibus
937 4955 1054 5026 spoliati
1085 4972 1187 5009 sumus
1222 4954 1379 5019 universis
1408 4956 1611 5025 paternitatem

564 5050 693 5096 vestram
711 5060 769 5096 non
786 5041 933 5096 eredimus
952 5040 1098 5109 ignorare,
1127 5057 1195 5094 cum
1214 5057 1315 5094 rumor
1333 5059 1434 5095 eorum
1453 5061 1518 5112 quaa
1536 5039 1611 5113 apud

564 5144 616 5181 uos
635 5126 806 5192 factasunt,
826 5144 884 5183 nou
902 5125 997 5182 solum
1015 5124 1207 5182 finitimorum
1225 5142 1277 5181 ora
1294 5129 1324 5182 et
1342 5144 1426 5182 aures
1445 5126 1610 5199 repleverit,
