4192 6392
618 1155 683 1218 124
895 1168 1072 1220 EPISTOLAE
1094 1166 1386 1233 caurusamusas

466 1354 590 1402 unirer.
617 1341 648 1396 in
674 1342 763 1397 rebus
781 1342 890 1398 nostris
908 1342 1046 1398 habuisse
1064 1341 1253 1407 dinoscimur,
1272 1342 1407 1399 mirabile
1428 1344 1510 1401 dictu
1534 1349 1565 1401 et
1581 1344 1672 1402 mise·

447 1421 600 1523 mgffielfl·
617 1424 710 1480 rabile
721 1426 818 1491 nimis,
831 1424 910 1498 [per]
921 1426 1071 1481 dominum
1084 1435 1115 1481 et
1125 1432 1239 1498 patrem
1250 1433 1383 1483 nostrum
1394 1428 1531 1500 lugemus
1541 1429 1670 1500 spoliati,

448 1536 550 1570 sermea
617 1510 655 1564 ad
672 1509 769 1565 Deum
786 1517 817 1567 et
834 1528 886 1567 vos
904 1511 1004 1567 oculos
1015 1511 1157 1575 levantes,
1177 1508 1269 1567 donec
1286 1511 1519 1568 misericordiam
1536 1513 1672 1570 invenire

617 1612 791 1650 mereamur.
841 1595 960 1651 Moveat
994 1594 1094 1666 itaque
1123 1593 1263 1666 pietatem
1295 1601 1433 1661 vestram,
1458 1596 1672 1669 benignissime

617 1684 709 1750 pater,
729 1679 860 1734 ecclesias
885 1678 934 1734 cui
959 1678 1144 1734 deservimus
1171 1678 1338 1735 miseranda
1361 1679 1497 1752 dejectio,
1526 1687 1671 1752 quatenus

616 1762 774 1833 privilegia
791 1763 820 1818 ei
837 1781 856 1817 a
877 1761 946 1818 sede
964 1761 1125 1834 apostolica
1141 1761 1254 1817 dudum
1277 1762 1395 1819 indulta
1419 1763 1553 1821 debitum
1578 1765 1672 1822 robur

617 1845 774 1910 obtineant,
804 1851 834 1900 et
863 1851 951 1902 cartae
981 1863 1087 1917 regum
1112 1851 1143 1901 et
1166 1845 1338 1917 pontificum
1363 1847 1393 1902 ei
1422 1846 1501 1904 sicut
1529 1847 1672 1906 haecum

616 1929 729 1985 firmius
755 1930 956 1995 observentur,
975 1947 1030 1986 nec
1057 1929 1182 2001 alicujus
1201 1928 1277 1985 detis
1303 1930 1498 2002 suggestioni,
1517 1936 1552 1988 ut
1576 1932 1672 1989 honor

450 2016 586 2063 vahalim
616 2011 682 2084 ojus
708 2013 832 2078 excidat,
852 2013 899 2069 vel
924 2019 1019 2070 status
1043 2013 1138 2070 bonas
1167 2018 1199 2068 et
1226 2019 1326 2069 rectus
1343 2013 1525 2086 temporibus
1550 2017 1670 2083 vestris,

447 2068 502 2111 '¹²⁸‘
510 2069 581 2164 ‘iffi
616 2115 682 2168 qus
700 2096 832 2169 simeo
849 2098 950 2154 eiam
975 2097 1102 2153 reuersa
1127 2096 1272 2169 aspona,
1292 2098 1475 2154 immutetur.
1513 2097 1672 2157 cresimus

448 2130 591 2264 ffifffl
614 2199 741 2253 namque
757 2181 883 2254 gloriam
900 2181 990 2253 hujus
1008 2182 1106 2254 operis
1123 2181 1207 2237 vobis
1219 2179 1316 2236 Deum
1334 2200 1511 2249 reservasse,
1525 2189 1671 2255 quatenus

447 2269 502 2313 that
510 2271 565 2316 are
615 2284 689 2336 quos
715 2265 904 2322 beatissimus
929 2284 1006 2338 papa
1032 2265 1196 2338 Gregorius
1221 2283 1275 2336 per
1302 2266 1444 2323 Sanctum
1467 2267 1672 2339 Augustinum

448 2321 557 2416 titiis,
615 2351 744 2422 primum
769 2350 903 2407 faciat
919 2351 952 2405 sn
977 2349 1097 2421 Anglii,
1117 2349 1156 2405 ae
1178 2350 1321 2405 sonorem
1346 2350 1403 2406 aa
1421 2351 1585 2424 Gregorius
1602 2371 1671 2410 oon·

474 2435 578 2482 romam.
616 2440 721 2499 servet,
742 2452 888 2506 quamque
906 2434 1046 2505 vigilator
1069 2433 1121 2489 ille
1139 2434 1300 2499 constituit,
1320 2435 1475 2507 vigilantia
1490 2442 1590 2492 vestm
1611 2456 1671 2494 nau

615 2518 758 2590 negligat,
770 2524 800 2574 et
812 2518 869 2574 sibi
878 2535 1013 2574 coronam
1022 2517 1298 2573 immarcescibilem
1310 2520 1448 2575 sanctitas
1461 2526 1569 2586 vestra,
1579 2539 1672 2593 quam

615 2602 703 2657 officii
733 2602 862 2674 suscepti
898 2601 1065 2657 sollicitudo
1096 2598 1280 2673 [mereatur],
1312 2601 1344 2657 in
1379 2603 1464 2658 coelis
1493 2605 1669 2662 accumulet.

448 2686 497 2729 ute
505 2688 607 2731 emmor
616 2685 742 2743 Causam
758 2703 829 2742 vero
847 2685 1012 2741 afflictionis
1030 2691 1147 2750 ababa,
1162 2686 1317 2741 ecelesiam
1334 2686 1509 2743 clericorum
1527 2705 1615 2759 quam
1633 2688 1672 2744 dc

447 2738 591 2831 inimi?
615 2769 699 2825 bunis
710 2775 818 2825 nostrin
830 2769 1005 2825 venerabilis
1023 2775 1107 2841 pater
1124 2775 1224 2825 noster
1233 2769 1319 2840 juxta
1329 2770 1383 2826 nos
1396 2771 1519 2826 fundare
1531 2771 1668 2837 intendit,

447 2837 572 2935 gfffiffi
615 2871 680 2908 csse
707 2853 847 2909 noveritis
872 2859 904 2909 et
928 2853 1051 2909 efficere.
1089 2851 1161 2921 Quas
1190 2853 1249 2908 nisi
1280 2855 1449 2920 cessaverit,
1475 2855 1672 2926 proculdubio

615 2937 780 2993 humiliatio
803 2943 904 2992 nostra
921 2942 952 2992 et
978 2936 1131 2992 subversio
1148 2953 1264 2992 cessare
1289 2953 1348 2991 non
1372 2938 1490 3010 poterit.
1527 2937 1613 2993 Unde
1640 2945 1672 2996 et

616 3040 683 3078 cam
701 3022 808 3078 litterae
825 3021 882 3093 pise
901 3020 1112 3076 recordationis
1130 3020 1243 3076 Urbani
1266 3037 1350 3092 papae
1368 3021 1404 3076 de
1423 3021 1575 3094 capellula
1603 3041 1671 3096 qum

615 3112 682 3177 post
699 3105 924 3179 appellationem
947 3109 1046 3159 erecta
1070 3104 1242 3167 dinoscitur,
1263 3103 1461 3171 demolitione,
1482 3110 1512 3161 et
1539 3107 1671 3163 omnium

615 3191 801 3247 restitutione
823 3207 889 3261 qaus
913 3195 1046 3260 tempore
1065 3187 1268 3260 appellationis
1288 3188 1455 3255 habuimus,
1475 3189 1563 3262 longe
1589 3197 1672 3246 ante·

447 3275 567 3370 &plurali
616 3293 706 3345 quam
731 3275 768 3329 de
795 3273 922 3330 transitu
939 3273 1034 3344 ipsius
1061 3289 1164 3328 rumor
1190 3271 1377 3338 insonuisset,
1398 3273 1516 3328 domino
1543 3273 1671 3330 Cantus·

447 3340 558 3422 mandate
615 3358 707 3414 riensi
733 3362 876 3429 porrectae
902 3356 1027 3425 luissent
1054 3361 1085 3411 et
1109 3355 1275 3427 publicata,
1294 3356 1413 3428 Anglia,
1432 3356 1614 3413 Narmannia
1641 3367 1673 3416 et

446 3439 590 3523 3237,st
616 3443 722 3507 Gallia,
742 3447 773 3497 et
800 3440 902 3495 multa
932 3439 1161 3511 circumquaque
1190 3440 1323 3495 nationes
1353 3445 1435 3495 tantu
1465 3441 1673 3499 exultaverunt

447 3529 565 3581 greatjov.
615 3525 745 3582 uberiori
763 3524 881 3596 gaudio,
902 3529 1010 3594 quanto
1028 3523 1183 3578 ecclesiam
1206 3523 1238 3577 in
1263 3543 1322 3595 qua
1338 3524 1437 3579 divino
1462 3525 1555 3580 officio
1580 3526 1673 3598 depu-

615 3612 668 3667 tati
688 3628 800 3673 sumus,
820 3608 945 3662 maxima
969 3625 1023 3679 pro
1040 3608 1109 3662 novi
1137 3608 1276 3677 martyris
1295 3609 1413 3662 Thomas
1441 3609 1545 3680 gloria,
1565 3610 1671 3680 majori

615 3694 823 3766 amplectentes
842 3692 1005 3756 devotione,
1031 3710 1067 3746 ex
1094 3709 1177 3746 novae
1201 3692 1333 3746 ecclesiae
1357 3694 1571 3748 construetione
1600 3694 1672 3750 huic

448 3787 589 3832 Wecntreat
615 3797 671 3834 non
690 3778 826 3832 dubitant
844 3776 1064 3831 destitutionem
1082 3775 1244 3830 imminere.
1281 3775 1400 3831 Placeat
1427 3794 1498 3848 ergo
1523 3777 1672 3848 majestati

447 3840 595 3932 ffifgwu‘
615 3869 721 3918 vestrm
740 3861 832 3933 priori
850 3867 951 3916 nostro
969 3859 1137 3930 nostrisque
1150 3860 1301 3925 fratribus,
1317 3861 1368 3931 qui
1380 3878 1448 3915 cum
1460 3879 1494 3915 eo
1506 3863 1672 3932 praesentim

448 3940 519 3990 prior.
616 3954 720 4002 vestrm
748 3946 900 4009 assistunt,
920 3962 1021 3999 aurem
1039 3944 1198 3999 clementer
1216 3945 1356 3999 inclinare
1384 3952 1415 4000 et
1432 3945 1569 4016 injustis
1597 3948 1673 4017 peti·

615 4031 743 4086 tionibus
769 4029 830 4084 suis
849 4048 899 4084 cos
925 4028 1071 4098 benignus
1098 4027 1245 4092 exaudire,
1265 4035 1299 4084 ut
1325 4029 1425 4083 lumen
1448 4029 1573 4100 justitiae
1591 4036 1674 4085 tene·

615 4117 683 4169 bras
714 4114 874 4170 occidentis
900 4113 1031 4176 irradiet,
1053 4118 1083 4167 ct
1110 4117 1300 4168 sacrosanctus
1320 4112 1397 4167 sudis
1424 4114 1599 4184 apostolica,
1623 4118 1672 4170 cui

618 4200 681 4254 Dco
699 4205 817 4254 auctore
836 4197 986 4269 praesides,
1003 4197 1161 4252 auctoritas
1181 4215 1296 4267 semper
1314 4196 1474 4251 reverenda
1491 4206 1671 4268 parmaneat.

617 4282 719 4338 Vitam
731 4288 761 4337 ct
778 4282 1008 4338 incolumitatem
1026 4286 1155 4337 vestram
1173 4281 1254 4336 Deus
1273 4281 1405 4336 ecclcsiae
1418 4299 1478 4336 sum
1490 4281 1523 4336 in
1539 4287 1674 4354 tempora

616 4368 750 4439 longiora
767 4372 928 4423 conservet.

448 4620 604 4715 quubpquq
678 4612 737 4668 CL.
776 4612 929 4666 Houourus
947 4625 1033 4664 suros
1051 4624 1085 4663 nr
1104 4623 1176 4664 soon
1194 4608 1362 4665 Corvuurur
1381 4609 1608 4666 Ocurusnmusr.

448 4762 498 4806 rho
506 4764 571 4815 prior
652 4743 824 4814 Hucusque,
845 4742 1031 4798 dilectissimi
1057 4742 1173 4807 fratres,
1200 4742 1323 4797 verbum
1347 4742 1440 4814 plenas
1464 4742 1672 4800 consolationis

448 4813 603 4916 ξζζξζξξῇ
616 4828 699 4884 vobis
727 4827 865 4882 mandare
884 4827 1126 4891 desideravimus,
1146 4827 1198 4882 sed
1224 4827 1405 4881 desiderium
1431 4827 1535 4881 animm
1561 4836 1672 4884 nostrae

449 4913 744 4967 thceouveut.11011dum
762 4911 867 4966 tribuit
884 4910 967 4966 nobis
993 4910 1147 4974 Dominus,
1167 4915 1198 4965 et
1214 4915 1313 4964 temen
1336 4910 1367 4964 in
1385 4929 1420 4965 ca
1438 4928 1490 4982 spo
1509 4917 1540 4966 ct
1563 4911 1673 4968 fiducia

615 5016 674 5068 qua
692 5003 813 5061 stamus,
830 5014 883 5052 vos
900 5000 1067 5050 constantes
1085 5012 1150 5050 esse
1168 5000 1199 5050 ot
1217 4995 1395 5050 confidenter
1413 5004 1492 5050 staro
1504 5013 1670 5064 monemus,

614 5100 651 5137 nc
669 5081 768 5151 aliqua
791 5081 909 5151 frangat
935 5077 1097 5143 tribulatio,
1117 5095 1190 5150 quos
1215 5077 1338 5150 gloriosi
1362 5079 1428 5135 linis
1450 5086 1585 5151 expectat
1603 5099 1671 5138 con·
