4192 6392
600 1155 643 1217 30
884 1160 1057 1211 sereretur
1080 1155 1370 1217 esurussrmrsss

448 1343 568 1389 tnut't
603 1333 715 1390 christi
734 1333 964 1396 cantuariensis,
985 1331 1110 1387 salutem
1137 1337 1167 1385 et
1190 1336 1326 1401 paratum
1349 1344 1465 1399 semper
1491 1326 1550 1399 pias
1567 1309 1658 1384 dilee-

604 1418 691 1473 tionis
710 1417 892 1489 obsequium.

436 1495 591 1591 ffpgffiffissl
641 1501 716 1557 cum
741 1507 860 1572 propter
887 1500 1018 1556 enormia
1043 1506 1074 1555 et
1099 1499 1193 1554 multa
1210 1497 1383 1569 gravamina
1407 1495 1575 1552 subsidium
1592 1513 1660 1568 spo·

437 1597 496 1650 bury
508 1609 568 1641 nere
605 1586 741 1641 stolieum
760 1586 917 1655 implorare
935 1583 1079 1654 compulsi
1099 1600 1210 1646 sumus,
1230 1580 1382 1636 audientes
1399 1598 1453 1636 vos
1470 1580 1502 1635 in
1526 1580 1662 1651 pertibus

437 1648 571 1790 Ffflffldss,
605 1669 726 1725 remotis
746 1669 878 1738 injuncta
896 1668 980 1739 fungi
999 1667 1156 1738 legatione,
1176 1666 1338 1738 plurimum
1356 1665 1481 1721 desolati
1500 1683 1613 1731 sumus,
1632 1670 1663 1720 et

437 1748 594 1852 olggffip
606 1755 671 1809 visa
688 1760 734 1809 est
751 1755 834 1808 uobis
853 1754 938 1824 quasi
956 1770 1060 1807 manus
1080 1751 1200 1806 dextera
1216 1750 1394 1822 pugnaturis
1413 1750 1538 1805 aruisse.
1575 1750 1662 1805 Nune

439 1848 536 1892 otonis
606 1856 677 1893 vero
695 1844 849 1909 postquam
868 1837 904 1893 de
923 1836 1021 1891 reditu
1038 1841 1138 1891 vestro
1165 1852 1298 1889 rumores
1325 1833 1466 1890 certiores
1484 1833 1661 1905 accepimus,

439 1900 549 1994 ffl⁰
606 1941 743 1979 reversus
772 1929 818 1979 est
844 1922 967 1993 spiritus
993 1920 1024 1975 iu
1043 1921 1159 1975 viscera
1184 1926 1285 1975 nostra
1311 1924 1342 1974 et
1367 1917 1483 1973 reddita
1509 1924 1556 1973 est
1579 1918 1663 1973 nobis

438 2005 512 2045 ⁰⁰¹²*-
608 2026 675 2078 spes
705 2007 818 2063 salutis.
867 2006 1017 2076 Rogamus
1048 2021 1120 2074 ergo
1156 2020 1256 2058 omnes
1293 2008 1323 2058 et
1359 2001 1470 2072 singuli
1500 2002 1664 2058 sanctitatis

439 2065 565 2180 Thgss'frg'
608 2102 713 2147 restrae
732 2091 856 2163 genibus
874 2089 1015 2153 obvoluti,
1030 2094 1173 2157 quatenus
1186 2086 1368 2159 oppressioni
1385 2091 1503 2151 nostrie,
1517 2086 1550 2141 in
1566 2085 1664 2158 priore

439 2178 548 2221 inmutat
561 2178 597 2220 ror
607 2182 707 2230 nostro
725 2183 756 2231 et
767 2175 906 2231 fratribus
925 2190 997 2245 quos
1015 2190 1083 2227 eum
1096 2189 1130 2227 eo
1142 2171 1312 2235 direximus,
1326 2171 1522 2243 patrocinium
1532 2176 1665 2226 vestu-um
1690 2171 1696 2181 '

440 2228 580 2322 mm.
609 2259 707 2315 velitis
726 2258 905 2330 impendere,
926 2265 956 2313 et
973 2257 1093 2327 negotia
1105 2256 1325 2311 cantuariensis
1346 2256 1479 2311 ecelesias
1498 2273 1564 2327 quae
1581 2256 1665 2311 vobis

439 2330 581 2433 {fflfffih
609 2349 761 2414 exponent,
782 2348 924 2438 quantum
949 2359 1017 2397 eum
1035 2339 1099 2395 Deo
1124 2340 1248 2411 potestis
1266 2346 1297 2435 et
1314 2339 1556 2395 Cantuariansem
1574 2339 1666 2395 ecele-

441 2432 576 2484 prateetm
610 2429 683 2483 siam
696 2427 832 2497 diligitis,
846 2443 936 2480 immo
948 2432 979 2480 et
990 2424 1161 2488 Romanam,
1175 2424 1331 2479 efficaciter
1349 2441 1530 2495 promovere.
1560 2423 1666 2494 Neque

609 2512 688 2565 enim
707 2510 868 2567 adversarii
887 2509 979 2564 nostri
999 2515 1110 2564 statum
1128 2508 1261 2563 eeclesias
1278 2514 1387 2563 nostras
1404 2514 1519 2563 tantum
1537 2525 1666 2562 eommu-

610 2601 682 2660 ture,
711 2601 762 2650 aut
788 2594 899 2649 ordinis
927 2593 1019 2648 nostri
1048 2600 1167 2664 sperant
1191 2594 1373 2648 honestatem
1404 2592 1586 2658 subvertere,
1614 2592 1668 2648 sed

610 2680 700 2734 etiam
718 2679 796 2734 sedis
814 2678 982 2749 apostolicus
1001 2678 1178 2749 gravitatem
1196 2677 1234 2733 ed
1251 2695 1367 2733 omnem
1385 2678 1566 2733 voluntatem
1584 2694 1667 2732 susm

610 2782 642 2819 so
657 2764 773 2835 jactant
790 2762 940 2819 inclinare.
978 2762 1087 2819 Valeat
1099 2762 1238 2819 sanctitas
1250 2769 1350 2819 vest-ra
1360 2780 1476 2834 semper
1487 2763 1520 2818 in
1532 2762 1666 2819 Domino.

462 3010 582 3106 Aiiffl'
635 3001 761 3059 XXXV.
799 3002 951 3057 Houosrus
970 3015 1055 3055 raros
1075 3016 1108 3054 sr
1127 3016 1200 3055 soen
1219 3001 1386 3057 correnum
1405 3000 1643 3057 Cascantum

647 3133 780 3189 Dominis
807 3133 868 3188 suis
896 3139 926 3188 et
950 3132 1091 3187 fratribus
1119 3133 1290 3198 carissimis,
1311 3131 1452 3187 (lanfrido
1470 3133 1618 3205 suppriori
1636 3137 1667 3189 et

612 3218 767 3274 couventui
793 3218 924 3273 ecelesias
952 3216 1065 3273 christi
1093 3216 1322 3283 cantuariensis,
1351 3217 1500 3272 Honorius
1526 3218 1608 3289 prior
1635 3224 1667 3274 ct

613 3304 685 3358 socii
705 3303 761 3367 sui,
783 3302 909 3357 salntem
928 3307 958 3357 et
976 3319 1076 3355 reram
1096 3300 1127 3354 in
1145 3300 1271 3356 Domino
1288 3301 1523 3358 consolationem.

443 3399 563 3454 respuor
648 3387 798 3442 Hactenus
812 3386 900 3440 Pater
912 3384 1183 3440 misericordiarum
1196 3386 1225 3439 in
1238 3385 1322 3440 nobis
1334 3385 1567 3441 misericordiam
1576 3385 1666 3443 Suam
1677 3394 1741 3440 zoor.

444 3450 592 3545 Ξξξᾝζζῗῦ
612 3469 789 3535 deelaravit3
817 3469 958 3524 haetenus
985 3469 1042 3523 iter
1069 3474 1099 3524 et
1124 3475 1206 3524 aetus
1231 3475 1346 3524 nostros
1372 3487 1426 3541 pro
1455 3470 1532 3526 rotis
1557 3470 1665 3526 nostris

446 3551 587 3645 migret*
611 3553 799 3607 laudabiliter
824 3552 1023 3623 prosperavit;
1044 3558 1158 3608 tantum
1184 3570 1310 3624 namque
1336 3554 1462 3625 gratiam
1489 3559 1519 3608 et
1536 3554 1665 3609 favorem

444 3613 573 3697 'edilredi'
613 3637 743 3690 omnium
771 3636 821 3706 qui
848 3642 916 3690 sunt
941 3636 972 3690 in
997 3636 1081 3691 curia
1108 3636 1190 3691 nobis
1209 3654 1262 3708 per
1280 3637 1336 3691 Dei
1355 3637 1482 3709 gratiam
1500 3637 1665 3702 alleximus,

446 3707 582 3748 maneourt.
614 3719 691 3791 quod
709 3737 767 3773 una
793 3718 945 3774 nobiscum
970 3726 1058 3785 stant,
1078 3719 1230 3774 nobiseum
1258 3727 1358 3791 agunt,
1378 3722 1457 3776 ultro
1478 3737 1509 3775 se
1527 3723 1666 3795 martyria

613 3804 732 3858 Thomas
745 3802 866 3857 servitio
884 3809 915 3857 et
932 3809 1031 3858 nostro
1048 3803 1197 3873 ingerunt,
1211 3810 1349 3874 tauquam
1368 3805 1411 3859 eis
1430 3804 1572 3861 divinitus
1589 3810 1668 3861 esset

615 3887 798 3958 inspiratum.
837 3886 902 3941 Hoe
921 3886 1019 3958 itaque
1037 3893 1144 3942 vestrm
1162 3887 1311 3943 dilectioni
1331 3888 1486 3943 scribimus
1512 3889 1549 3944 ad
1567 3907 1667 3945 conso·

615 3971 763 4035 lationem,
788 3977 931 4041 quatenus
958 3972 1009 4042 qui
1036 3971 1257 4027 tribulationum
1284 3978 1314 4027 et
1339 3971 1473 4027 laborum
1502 3980 1669 4028 nostrorum

614 4055 812 4111 indesinenter
831 4056 902 4110 estis
920 4056 1088 4126 participes,
1109 4055 1197 4110 simul
1223 4056 1289 4110 sitis
1307 4063 1337 4111 et
1355 4055 1539 4128 gaudiorum.
1575 4057 1670 4130 Expe-

615 4139 676 4194 dita
704 4145 772 4193 sunt
799 4139 918 4210 negotia
942 4146 1051 4203 nostra,
1081 4138 1144 4193 Deo
1172 4140 1292 4209 gratias,
1321 4158 1374 4210 pro
1399 4145 1492 4210 parte,
1522 4158 1588 4210 quse
1618 4158 1672 4211 per

614 4224 742 4294 aliquem
761 4223 884 4277 fratrum
902 4229 1070 4278 nostrorum
1088 4222 1124 4277 ad
1142 4240 1195 4278 ros
1215 4240 1302 4293 quarn
1321 4222 1408 4278 citius
1426 4224 1670 4288 transmittemus,

615 4309 665 4378 qui
683 4325 736 4363 vos
754 4306 830 4362 vivoe
848 4308 929 4362 vocis
955 4307 1102 4378 colloquio
1127 4307 1243 4378 plenius
1270 4307 1307 4362 de
1333 4313 1413 4363 statu
1437 4314 1539 4364 nostro
1563 4310 1673 4381 poterit

447 4407 602 4477 esttamen·
615 4393 786 4447 certificare.
824 4390 910 4447 Nihil
929 4392 1024 4447 adhuc
1043 4392 1196 4447 actitatum
1215 4398 1261 4447 cst
1282 4410 1371 4463 super
1389 4410 1478 4448 eausa
1495 4393 1671 4465 principali;

446 4459 548 4510 bunops
616 4483 801 4548 expectamus
828 4475 906 4530 euim
931 4474 1041 4529 domini
1061 4476 1281 4531 Centauricusis
1308 4476 1501 4548 responsales,
1521 4477 1574 4548 qui
1601 4494 1673 4548 quo·

447 4514 529 4562 egents
538 4511 595 4553 bave

448 4563 538 4662 Q
547 4611 588 4653 tna
616 4560 695 4614 niam
714 4560 841 4615 nondum
867 4577 1057 4630 comparuere
1083 4559 1267 4624 sufficientes,
1287 4562 1412 4632 prefixit
1435 4561 1519 4617 nobis
1537 4561 1673 4617 dominus

446 4663 558 4756 iiiiii}
617 4661 693 4716 papa
710 4642 789 4698 diem
807 4644 933 4699 Veneris
952 4644 1114 4715 proximam
1132 4650 1199 4715 post
1211 4642 1303 4710 eruei
1320 4645 1400 4701 arcada
1418 4645 1515 4715 pertiti,
1529 4652 1673 4716 quatenus

651 4945 657 4974 ¹
676 4930 732 4993 'I'hc
743 4943 800 4993 date
812 4942 842 4991 of
849 4940 902 4991 this
911 4940 984 4990 letter
994 4947 1061 4990 must
1072 4941 1116 4990 nu
1167 4941 1198 4990 os
1210 4940 1293 5006 April,
1307 4942 1351 4994 the
1361 4958 1418 4993 new
1430 4945 1481 5010 day
1497 4943 1568 4995 exea
1584 4945 1620 5011 by
1631 4945 1674 4997 the

616 5021 839 5074 betweentteath
855 5019 1051 5082 ostisreh,the
1067 5020 1117 5070 ori·
1167 5035 1239 5085 pope.

616 5102 687 5167 giual
697 5108 760 5153 term
778 5101 808 5150 of
821 5098 917 5164 append,
929 5101 979 5149 and
994 5099 1036 5150 the
1059 5100 1117 5150 loth
