4192 6392
617 1171 680 1239 168
898 1179 1070 1235 mrsronn
1092 1182 1382 1252 carrularnnsrs,

473 1369 591 1435 thirsa
617 1361 751 1415 dominus
769 1360 1004 1433 archiepiscopus
1027 1368 1203 1433 conquestus
1222 1368 1285 1418 erat
1303 1362 1339 1417 do
1365 1360 1448 1417 nohis
1475 1360 1507 1414 in
1532 1357 1668 1421 concilio,

451 1420 591 1530 Τὶξᾝξρ
618 1451 649 1498 et
667 1445 792 1515 qualiter
811 1463 842 1499 sc
860 1446 1000 1501 offerebat
1029 1464 1117 1518 snper
1142 1447 1179 1502 iis
1198 1465 1263 1518 qum
1281 1447 1358 1502 inter
1383 1464 1436 1501 nos
1454 1452 1484 1501 et
1508 1461 1576 1499 eum
1601 1459 1670 1499 ver·

451 1529 569 1621 ffilffio
618 1535 729 1592 tuntur,
750 1530 830 1600 rogis
849 1530 963 1586 scilicet
986 1537 1016 1586 et
1039 1531 1124 1602 regni
1149 1538 1227 1587 stare
1249 1531 1368 1601 judicio,
1395 1535 1531 1603 rogantes
1557 1533 1594 1583 ut
1616 1526 1671 1599 qui

450 1629 557 1681 smyrne
619 1613 713 1682 primo
731 1613 768 1666 ud
786 1615 966 1670 vocationem
984 1615 1065 1686 regis
1083 1633 1141 1670 non
1158 1615 1302 1680 venimus,
1323 1616 1427 1670 saltem
1444 1613 1482 1669 ad
1499 1611 1671 1668 citationem

450 1680 582 1774 ffffifflm'
619 1696 776 1751 secundam
805 1698 1018 1762 accederemus,
1046 1705 1077 1752 et
1101 1716 1310 1770 exponeremus
1337 1699 1364 1752 ei
1390 1696 1560 1770 gravamina
1583 1693 1672 1750 nobis

617 1780 709 1835 illata.
756 1781 968 1852 Respondimus
992 1800 1073 1847 vero,
1101 1783 1166 1838 ideo
1192 1801 1245 1839 nos
1271 1783 1309 1838 ad
1335 1800 1437 1854 regom
1461 1799 1519 1837 non
1541 1778 1671 1844 venisse,

609 1865 689 1936 ¹quio
706 1863 817 1920 obsessi
834 1866 953 1933 fuimus,
973 1885 1026 1922 nec
1044 1867 1098 1922 ulli
1116 1874 1249 1923 nostrum
1272 1867 1382 1923 licebat
1406 1865 1489 1921 exiri.
1535 1863 1580 1919 De
1606 1881 1673 1918 sus·

619 1950 758 2021 pensione
774 1967 844 2005 vero
862 1950 998 2017 diximus,
1018 1951 1097 2022 quod
1114 1958 1234 2023 propter
1250 1951 1420 2007 violentiam
1437 1949 1622 2005 manifestam
1639 1954 1674 2002 et

453 2039 582 2112 'l'hernre
621 2035 824 2090 enormitatem
841 2053 962 2106 operum
980 2035 1128 2090 celebrere
1147 2055 1203 2092 non
1221 2037 1469 2108 praesumpsimus.
1507 2031 1555 2088 Ad
1565 2049 1672 2104 regem

454 2089 608 2184 &spread
621 2136 691 2173 vero
709 2119 834 2173 libenter
852 2119 965 2189 aliquos
984 2119 1021 2173 de
1039 2120 1180 2175 fratribus
1198 2121 1306 2176 nostris
1324 2121 1362 2175 ad
1380 2117 1548 2191 exponenda
1564 2132 1671 2188 grava·

454 2192 584 2286 {ffigssmu
621 2203 710 2267 minu,
739 2212 769 2258 ct
794 2221 853 2257 non
878 2203 915 2257 ad
940 2203 1119 2258 causandum
1145 2205 1420 2269 transmitteremus,
1449 2203 1475 2257 si
1501 2201 1615 2257 salvum
1639 2204 1673 2254 et

452 2292 560 2338 mutuet
622 2305 758 2342 securum
775 2287 858 2342 uobis
875 2294 1047 2359 praestarent
1066 2287 1251 2345 conductum.
1298 2289 1361 2360 Ipsi
1388 2293 1486 2343 autem
1504 2303 1539 2340 ex
1564 2284 1672 2339 timore

621 2377 729 2434 nostre,
750 2371 820 2426 siv'e'
829 2379 992 2427 metuentes
1010 2372 1183 2443 periculum,
1204 2381 1238 2428 ut
1255 2380 1285 2428 et
1301 2372 1384 2427 nobis
1403 2381 1434 2426 et
1451 2369 1508 2425 sibi
1525 2367 1675 2440 prospice-

622 2463 696 2519 rent,
728 2455 963 2525 wigorniensem
997 2456 1035 2510 ad
1070 2456 1319 2528 archiepiscopum
1354 2454 1586 2517 transmiserunt,
1619 2450 1674 2520 qui

623 2558 712 2610 snper
741 2539 860 2609 negotio
888 2540 1060 2610 prescripto
1090 2540 1121 2594 in
1150 2541 1205 2596 hae
1233 2541 1328 2595 forma
1357 2540 1469 2594 litteras
1499 2534 1671 2608 reportavit.

456 2629 577 2697 'rpoan-n-
625 2626 643 2650 “
663 2624 859 2688 Baldewinus,
880 2623 936 2678 Dei
954 2624 1060 2694 gratia,
1081 2624 1298 2681 Cantuaricnsis
1317 2623 1560 2695 archiepiscopus,
1579 2619 1674 2674 totius

454 2681 599 2773 &misor
625 2711 643 2735 “
663 2707 779 2778 Angliae
798 2707 917 2778 primas,
939 2707 1154 2763 venerabilibus
1181 2709 1321 2763 fratribus
1349 2705 1533 2769 Cicestrensi,
1553 2703 1674 2773 Wigor·

456 2782 643 2875 {f1fc†f⁰⁰⁰¹¹·“
663 2792 758 2846 nicusi
775 2798 806 2847 ct
823 2791 1033 2846 Heresordensi
1058 2791 1210 2863 episcopis,
1230 2797 1261 2846 ct
1286 2791 1400 2846 dilectis
1425 2790 1494 2845 filiis
1518 2786 1618 2843 abbati
1635 2786 1675 2841 de

515 2862 522 2875 ’
626 2879 645 2902 “
664 2877 813 2930 Waltham
840 2883 871 2931 ot
896 2877 1039 2947 magistro
1066 2877 1196 2932 Osbemo
1224 2876 1260 2930 de
1279 2876 1411 2939 Camere,
1442 2874 1576 2929 salntem.
1626 2869 1675 2925 Ad

626 2963 645 2987 “
666 2960 794 3016 omnium
812 2960 945 3015 notitiam
962 2961 1098 3016 volumus
1116 2960 1278 3032 pervenire,
1292 2959 1369 3031 quod
1381 2977 1433 3014 nos
1450 2955 1675 3012 warantizumus

627 3044 852 3099 “securitatem
878 3061 965 3115 quam
995 3044 1171 3115 promisistis
1201 3044 1351 3099 monacbis
1369 3043 1482 3098 Sancta)
1508 3039 1674 3103 Trinitatis,

627 3133 646 3155 “
666 3129 779 3184 scilicet
796 3135 830 3183 ut
847 3146 949 3184 secure
961 3128 1033 3183 etin
1051 3146 1121 3199 pace
1133 3127 1243 3183 domini
1254 3127 1335 3199 regis
1348 3132 1378 3182 et
1388 3133 1488 3182 nostra
1499 3124 1542 3179 ire
1559 3122 1677 3195 possint

627 3217 645 3239 ⁴⁶
666 3219 697 3268 et
713 3213 809 3268 redire
828 3212 865 3267 ad
883 3211 995 3267 curiam
1007 3211 1117 3267 domini
1130 3212 1221 3283 regis.
1270 3211 1452 3283 Quapropter
1463 3207 1585 3264 firmiter
1597 3225 1674 3278 prai-

626 3302 644 3324 “
665 3297 788 3368 cipimus
801 3315 837 3351 nc
850 3296 916 3368 quis
929 3296 1059 3367 praelatis
1071 3295 1220 3351 monachis
1233 3295 1368 3351 euntibus
1380 3295 1429 3350 vel
1439 3291 1629 3349 redeuntibus
1642 3291 1677 3346 in

625 3386 643 3408 ‘⁴
664 3382 752 3452 hujus
770 3381 884 3436 itineris
902 3399 1061 3452 progressu
1074 3388 1103 3434 ct
1114 3381 1211 3436 reditu
1223 3380 1387 3436 molestiam
1399 3379 1446 3435 vel
1459 3394 1617 3450 gravamen
1629 3376 1676 3430 in·

626 3469 644 3491 “
664 3468 741 3519 serre
749 3473 914 3536 praesumut.
942 3465 1062 3520 Litterae
1075 3470 1173 3519 antem
1185 3464 1248 3520 istae
1258 3470 1266 3499 ¹
1278 3481 1367 3536 penes
1378 3483 1430 3519 vos
1442 3466 1629 3518 reserventur
1641 3467 1678 3516 ut

626 3555 644 3575 ⁸·
664 3550 746 3603 nohis
759 3550 960 3604 restituantur.
997 3549 1133 3605 Valeto.”
1170 3549 1321 3604 Dederunt
1332 3550 1420 3604 etiam
1433 3548 1515 3602 nobis
1533 3545 1675 3617 episcopi,

624 3634 693 3702 quia
711 3634 852 3688 instanter
869 3635 924 3688 hoc
942 3634 1163 3704 postulavimus,
1182 3634 1296 3689 littera-s
1315 3634 1471 3705 pendentes
1489 3632 1524 3686 de
1543 3630 1625 3685 salvo
1644 3629 1677 3684 in

458 3719 561 3762 mm
625 3714 1676 3782 mmmmmwmmmmem‘mffimffim·

458 3771 563 3814 conduct.
626 3804 644 3826 “
665 3800 780 3865 irensis,
795 3808 825 3855 et
836 3801 1002 3855 Willelmus
1014 3803 1238 3873 Wigorniensis‚
1257 3811 1286 3858 et
1302 3803 1464 3858 Willelmus
1476 3799 1676 3856 Heresorden·

624 3889 643 3910 ‘⁶
665 3885 705 3938 sis
724 3884 779 3938 Dei
799 3885 896 3955 gratia
914 3886 1051 3957 episcopi,
1072 3895 1102 3942 et
1120 3887 1278 3942 Walterius
1297 3888 1399 3941 eadem
1417 3887 1513 3957 gratia
1529 3884 1619 3938 abbas
1638 3883 1676 3938 dc

627 3975 645 3994 ·‘
666 3970 822 4033 Walthmn,
844 3979 874 4024 et
897 3972 1039 4040 magister
1058 3972 1206 4027 Osbcrnus
1231 3971 1267 4025 de
1289 3972 1420 4034 Camere,
1441 3970 1556 4025 dilectis
1575 3969 1675 4023 fratri·

627 4057 645 4078 ‘⁶'
666 4054 719 4108 hus
747 4055 808 4108 suis
833 4055 862 4107 in
887 4055 1005 4110 Christo
1029 4057 1178 4111 monachis
1204 4057 1334 4111 ccclesire
1360 4057 1470 4111 Christi
1497 4054 1674 4117 Centaurica,

627 4145 645 4162 ⁶·
666 4140 799 4192 sulutem.
829 4139 1020 4194 Securitatem
1033 4141 1116 4194 vobis
1126 4141 1323 4210 promittimus
1336 4158 1370 4194 cx
1383 4148 1464 4210 purte
1475 4138 1583 4193 domini
1593 4137 1676 4207 regis

630 4227 648 4247 ‘⁶
670 4229 699 4276 et
720 4223 830 4276 domini
857 4223 1077 4294 archiepiscopi,
1097 4232 1131 4279 ut
1154 4225 1303 4279 monachi²
1327 4243 1400 4295 quos
1422 4243 1456 4278 ex
1475 4229 1556 4295 purte
1575 4229 1676 4277 vestra

628 4312 646 4333 ⁸⁶
667 4308 703 4361 nd
722 4307 833 4361 curium
861 4308 969 4362 domiui
994 4309 1074 4379 regis
1101 4309 1285 4364 destinaretis
1314 4310 1499 4364 securitatem
1523 4308 1552 4361 in
1579 4307 1677 4361 eundo

629 4394 647 4417 ‘¹
669 4403 698 4446 ct
722 4391 867 4445 redeundo
886 4392 1035 4457 haberent,
1058 4412 1146 4463 quam
1165 4413 1217 4448 nos
1244 4412 1295 4464 por
1323 4395 1375 4448 hus
1403 4395 1516 4448 litteras
1541 4398 1676 4463 patentes

627 4481 645 4501 ‘⁴
666 4477 897 4540 u'aruntizamus,
918 4487 948 4531 et
974 4477 1123 4531 dominum
1142 4497 1243 4550 regem
1268 4486 1298 4533 et
1316 4479 1463 4533 dominum
1482 4477 1675 4546 archiepisco·

628 4565 646 4586 ‘⁵'
667 4580 736 4630 pum
748 4561 836 4631 hujus
850 4562 1015 4615 securitatis
1029 4569 1161 4618 auctores
1175 4563 1327 4618 laudamus
1341 4564 1371 4617 in
1390 4563 1523 4625 Domino,
1537 4561 1675 4616 Vulete.'’

625 4645 669 4698 Ex
695 4645 800 4715 ‹piihns
827 4647 897 4699 sutis
916 4646 1037 4715 potestis
1058 4646 1236 4717 perpendero
1255 4648 1286 4701 in
1306 4654 1414 4718 (piautu
1440 4665 1540 4701 sumus
1568 4646 1675 4699 amari·

460 4729 735 4823 tournwpkstudnu.
773 4728 866 4792 Unde,
888 4731 957 4799 quia
976 4731 1164 4786 consiliosum
1183 4732 1266 4786 nohis
1285 4740 1315 4786 et
1340 4732 1440 4786 anneis
1468 4730 1576 4786 nostris
1595 4730 1676 4783 vide·

458 4786 528 4885 iiiiii
527 4788 593 4825 ⁰1¹⁰
625 4814 720 4877 batur,
735 4820 859 4883 quatuor
878 4813 913 4866 de
929 4814 1069 4868 fratribus
1087 4815 1194 4870 nostris
1208 4816 1244 4870 ad
1263 4816 1411 4870 (lominum
1429 4834 1530 4887 regem
1548 4814 1677 4869 destina·

457 4895 562 4948 (Feb-2⁴·
625 4900 730 4962 vimus,
751 4899 802 4967 qni
820 4917 886 4953 cum
905 4899 1055 4964 redierint,
1076 4919 1110 4954 ea
1128 4920 1194 4971 quur
1212 4901 1294 4955 nobis
1319 4901 1355 4955 uh
1381 4901 1443 4971 ipso
1461 4900 1677 4971 reportaverint

457 4946 561 5000 (lemare,

457 5000 523 5050 ren.)
624 5025 1062 5032 mm
1268 5027 1566 5034 -....-..--.,-.

659 5099 785 5150 'Limne
814 5109 892 5150 arrum
920 5101 985 5166 istu]
1017 5101 1124 5152 Litteras
1147 5113 1152 5162 Ι
1200 5102 1351 5168 ²rrioncclu']
1372 5101 1582 5163 monachennts.

625 5191 706 5229 tillem
724 5182 789 5241 istas,
808 5181 863 5231 MS.
1147 5168 1152 5251 Ι
