4192 6392
610 1147 674 1210 188
889 1161 1061 1211 neustoun
1083 1160 1373 1224 eluuuamuusus

458 1355 581 1402 nnuma
611 1338 679 1394 Suae
696 1337 802 1394 educat
818 1356 872 1394 nos
890 1338 926 1392 de
951 1355 1068 1393 carcere
1092 1338 1159 1402 isto,
1179 1345 1209 1395 et
1226 1357 1300 1410 quos
1318 1339 1429 1395 diutius
1446 1340 1540 1396 voluit
1557 1340 1662 1413 flagel-

483 1407 556 1461 Al‘ffl·
609 1421 675 1486 lari,
706 1421 846 1493 dignetur
874 1422 1018 1478 maturius
1048 1421 1278 1479 misericorditer
1307 1423 1460 1479 consolari.
1508 1424 1564 1480 Pia
1591 1434 1663 1482 vota

610 1511 709 1562 vestra
726 1511 878 1563 conservet
894 1507 978 1562 vobis
996 1506 1150 1573 Dominus,
1169 1514 1254 1578 pater
1271 1508 1445 1566 venerande.

458 1762 582 1816 reum.
635 1746 741 1804 CCIV.
779 1746 947 1802 Oovvuurus
966 1746 1196 1803 clarummane
1214 1746 1348 1801 Rlnunro
1366 1761 1476 1801 uncino
1493 1745 1640 1802 Renum

442 1881 597 1926 'l'bewnvent
644 1877 800 1933 Transiens
817 1895 870 1948 per
887 1895 940 1933 uos
959 1877 1094 1933 sacerdos
1112 1876 1241 1948 quidam,
1258 1876 1382 1932 nuncius
1394 1875 1544 1948 praepositi
1557 1874 1660 1931 Sancti
1672 1894 1761 1941 oum

441 1932 589 2026 mm.
609 1962 752 2017 Bernardi
764 1961 800 2016 de
818 1961 918 2017 Monte
930 1961 1024 2026 Jovis,
1041 1962 1165 2017 vulnera
1182 1961 1385 2032 superaddidit
1401 1960 1573 2016 vulneribus
1591 1977 1659 2015 nos·
1671 1945 1779 1995 Μ

442 2033 597 2128 '⁰⁰⁸⁰‘0gssh0
608 2048 673 2112 tris,
693 2056 724 2102 et
740 2046 831 2102 totius
852 2047 982 2117 eorporis
1008 2046 1102 2102 nostri
1119 2045 1285 2100 membrum
1302 2045 1559 2116 spectatissimum,
1579 2043 1661 2116 quod

473 2131 724 2202 Bemssd’treliquo
753 2129 883 2186 sauciato
912 2147 1033 2201 corpore
1063 2130 1158 2185 adhuc
1183 2129 1266 2185 nobis
1295 2130 1442 2186 reservari
1466 2129 1660 2185 credebamus

440 2184 542 2281 fflff
608 2216 760 2280 intactum,
780 2214 878 2270 subito
906 2214 1057 2270 nunciavit
1086 2215 1281 2270 vulneratum.
1316 2213 1475 2270 Asserebat
1501 2213 1580 2268 enim
1603 2229 1659 2268 vos

441 2287 536 2383 mm
544 2287 639 2382 i{amin
656 2300 844 2354 tribulatione
862 2316 919 2353 non
944 2299 1066 2354 minima
1090 2299 1290 2363 coustitutum,
1320 2305 1351 2354 et
1375 2316 1463 2369 super
1482 2295 1659 2370 quibusdam

440 2339 583 2486 ffimnkihum
607 2383 723 2439 casibus
749 2384 953 2439 contristatum
970 2387 1103 2438 recenter
1127 2383 1301 2455 angustiari.
1339 2382 1424 2439 Unde
1443 2381 1560 2454 gladius
1578 2398 1658 2437 eom-

607 2468 751 2540 passionis
776 2469 903 2522 animam
920 2474 1048 2522 nostram
1073 2473 1154 2523 tanto
1179 2467 1369 2537 pertransivit
1390 2466 1528 2533 atrocius,
1548 2471 1659 2538 quanto
1672 2473 1803 2520 aemuia

606 2570 659 2608 vos
677 2552 791 2608 meritis
818 2552 1002 2623 exigentibus
1026 2552 1058 2605 in
1081 2551 1202 2607 caritate
1228 2570 1285 2607 non
1308 2551 1377 2607 ficta
1400 2551 1552 2623 diligimus
1571 2549 1657 2605 affec·
1670 2527 1808 2622 {anm

607 2637 730 2692 tuosius.
769 2636 828 2691 Sed
845 2635 1014 2691 benedictus
1034 2633 1142 2706 [Deus]
1162 2636 1241 2707 quod
1257 2653 1310 2707 pro
1328 2636 1407 2707 Ipso,
1428 2635 1485 2705 Qui
1501 2652 1555 2706 pro
1572 2633 1658 2689 nobis

607 2721 639 2776 iu
655 2721 786 2793 patibulo
797 2720 893 2776 crucis
910 2737 1014 2792 passus
1038 2726 1091 2785 est,
1111 2719 1194 2791 digni
1212 2720 1305 2776 habiti
1323 2738 1425 2777 sumus
1451 2718 1659 2776 coutumeliam

607 2807 677 2878 pati.
717 2805 875 2877 Speremus
894 2804 972 2860 enim
991 2804 1079 2876 quod,
1093 2805 1119 2860 si
1137 2805 1340 2875 compatimur,
1353 2810 1384 2860 et
1401 2803 1655 2875 conregnabimus,
1670 2812 1808 2860 salmati

608 2897 639 2946 et
650 2889 707 2959 Qui
719 2890 836 2962 proprio
848 2889 926 2944 Filio
938 2906 995 2942 uon
1007 2889 1147 2960 pepercit,
1162 2894 1281 2960 propter
1292 2889 1403 2944 Filium
1415 2889 1578 2959 flagellatos
1590 2891 1660 2959 post

440 2986 562 3050 meamh-
607 2975 725 3046 flagella
751 2973 907 3029 coronabit.
953 2972 1101 3029 Gaeterum
1126 2973 1268 3029 noveritis
1296 2973 1375 3045 quod
1401 2974 1536 3028 dominus
1561 2971 1658 3027 archi-

440 3037 552 3142 {³3ssssss
607 3059 761 3131 episcopus
779 3058 817 3113 ed
833 3058 889 3113 hoo
907 3057 1002 3112 modis
1027 3056 1162 3112 omnibus
1187 3057 1286 3122 instat,
1306 3066 1340 3114 ut
1364 3057 1401 3113 de
1424 3058 1471 3112 his
1495 3075 1561 3128 quie
1578 3055 1658 3111 inter

439 3141 548 3236 ”Migo
605 3161 657 3199 uos
683 3150 714 3198 et
738 3144 836 3215 ipsum
862 3147 1026 3205 vertuntur,
1046 3140 1078 3195 in
1104 3141 1184 3211 regis
1214 3147 1245 3196 et
1273 3141 1358 3212 regni
1385 3141 1657 3213 compromittamus

438 3203 581 3287 merel?
606 3227 769 3282 arbitrium.
805 3225 870 3281 Nee
888 3225 982 3280 adhue
1005 3224 1124 3280 videtur
1143 3225 1170 3279 ei
1189 3226 1330 3291 sufficere,
1351 3226 1429 3297 quod
1452 3227 1591 3281 universa
1608 3243 1657 3279 ex·
1669 3233 1759 3278 cauo

438 3294 532 3338 mum·
606 3312 715 3367 teriora
732 3310 816 3366 nobis
834 3310 965 3373 abstulit,
984 3309 1043 3364 nisi
1069 3327 1188 3364 manum
1213 3327 1297 3364 suam
1321 3310 1416 3366 adhuc
1439 3317 1584 3366 extentam
1608 3287 1742 3364 eii-‘'¹“iz

440 3416 552 3468 uhoyuk
606 3397 706 3451 tondat
723 3395 857 3450 ulterius.
894 3394 979 3449 Unde
1000 3411 1053 3465 per
1070 3393 1184 3449 litteras
1202 3401 1315 3450 vestras
1332 3401 1464 3450 vestrum
1483 3395 1656 3466 quantocius

438 3466 563 3560 {ww
606 3478 805 3534 desideramus
824 3479 989 3542 consilium,
1009 3484 1109 3532 utrum
1130 3478 1288 3533 debeamus
1309 3479 1346 3532 ad
1365 3479 1529 3550 aliquorum
1546 3480 1657 3534 instan-

439 3531 688 3626 comprimerem,
718 3564 779 3617 sive
807 3581 861 3633 pro
885 3564 990 3617 timore
1009 3563 1198 3632 expulsionis,
1228 3563 1289 3616 sive
1315 3580 1368 3632 pro
1394 3563 1451 3617 alia
1475 3565 1656 3634 urgentioris

606 3648 789 3701 necessitatis
816 3664 912 3708 causa,
939 3653 1005 3700 ante
1032 3647 1248 3701 restitutionem
1275 3646 1437 3701 ablatorum
1463 3654 1492 3702 et
1518 3648 1657 3703 malefac-

606 3739 703 3786 torum
722 3731 950 3784 satisfactionem
963 3730 1120 3795 eelebrare,
1136 3737 1187 3784 aut
1205 3731 1267 3784 sine
1281 3731 1377 3800 priore
1390 3737 1420 3785 ot
1438 3732 1589 3798 fratribus,
1604 3733 1656 3804 qui

608 3815 644 3869 nd
669 3815 780 3868 curiam
799 3832 851 3884 pro
875 3831 962 3867 causa
988 3816 1047 3868 ista
1077 3815 1200 3885 profecti
1233 3822 1310 3877 sunt,
1339 3816 1541 3885 compositioni
1566 3817 1655 3872 alicui

607 3899 752 3971 possimus
772 3898 944 3952 consentire.
983 3898 1086 3954 Totius
1106 3899 1183 3952 enim
1202 3900 1287 3969 regni
1306 3916 1462 3954 consensus
1484 3907 1585 3955 eontra
1604 3920 1657 3956 nos

607 3984 698 4053 regim
725 3982 868 4036 voluntati
895 3983 1047 4037 consentit.
1089 3982 1147 4038 Vos
1175 3989 1274 4038 autem
1302 3983 1380 4053 quod
1404 4002 1493 4054 super
1519 3985 1574 4039 hoc
1594 4005 1658 4039 sen-

607 4068 696 4130 tiatis,
729 4068 804 4121 scire
833 4067 976 4122 maturius
1007 4067 1218 4122 desideramus.
1268 4067 1410 4122 Dominus
1447 4068 1530 4123 uobis
1567 4070 1658 4124 vitem

606 4157 735 4206 vestram
754 4157 905 4205 conservet
931 4152 1104 4222 longiorem,
1133 4158 1162 4204 et
1187 4169 1288 4221 pacem
1315 4170 1402 4222 quum
1430 4152 1604 4208 desideretis
1629 4155 1660 4209 iu

607 4235 788 4306 beneplacito
808 4234 868 4288 Suo
886 4235 969 4289 vobis
988 4236 1122 4289 conferre
1140 4234 1288 4305 dignetur.

461 4531 569 4575 turena.
650 4523 736 4578 CCV.
775 4521 926 4576 Houonlus
945 4535 1029 4574 rnreu
1048 4536 1082 4574 eu
1101 4535 1173 4574 secu
1192 4520 1360 4576 Oouvuurm
1381 4522 1607 4577 Oruruaumusu

439 4673 487 4716 The
496 4686 594 4767 ¹¹¹1⁰ff⁰ffi
644 4663 831 4733 Suscepimus
859 4662 965 4715 fratres
989 4667 1114 4724 nostros,
1141 4662 1237 4730 gratia
1260 4661 1359 4715 divina
1385 4661 1551 4725 eomitante,
1572 4681 1659 4718 sanos

439 4736 511 4775 gerse
550 4737 570 4767 ie

439 4778 536 4817 convent
606 4754 636 4802 et
653 4747 823 4801 incolumes.
862 4745 1038 4800 Audivimus
1058 4763 1111 4815 per
1130 4744 1248 4799 eosdem
1268 4763 1333 4816 quie
1352 4745 1387 4798 de
1406 4764 1481 4800 novo
1494 4747 1659 4817 pertulistis

439 4826 561 4927 ffilffl‘
607 4832 778 4904 gravamina
804 4837 834 4885 et
858 4831 991 4901 injuriae,
1018 4836 1048 4884 et
1073 4831 1205 4900 quemvis
1232 4830 1261 4883 in
1289 4829 1443 4885 afflictione
1468 4837 1569 4885 vestra
1598 4840 1658 4886 tam

439 4930 511 4976 court,
606 4916 717 4972 enormi
736 4916 937 4970 vehementius
957 4915 1027 4968 moti
1047 4932 1148 4968 sumus
1162 4921 1192 4968 et
1204 4914 1311 4977 afflicti,
1332 4915 1363 4967 in
1384 4922 1541 4985 augmento
1560 4922 1658 4971 tumen

439 4976 534 5028 ffi'm'
605 5001 778 5055 meritorum
801 5006 966 5055 vestrorum
990 5004 1021 5052 et
1044 4999 1147 5068 glorius
1175 4998 1244 5053 lecti
1271 5016 1372 5053 sumus
1398 4998 1475 5054 sieut
1505 5001 1656 5055 consolati.

607 5083 733 5140 Sabbeto
757 5089 824 5140 aute
849 5083 970 5139 Cineres
996 5081 1033 5137 ad
1058 5099 1111 5137 nos
1135 5086 1278 5138 venerunt
1295 5082 1347 5154 qui
1371 5082 1509 5140 destinati
1529 5089 1609 5151 sunt,
1628 5090 1658 5141 et
