4192 6392
626 1173 668 1234 54
912 1187 1084 1235 crismam
1106 1185 1395 1243 emraanmssas,

475 1364 597 1408 narrat.
626 1362 779 1425 armiliam,
810 1370 922 1418 certum
950 1364 1099 1429 habentes,
1128 1362 1207 1434 quod
1231 1363 1337 1417 littcrm
1358 1360 1496 1415 Romanae
1525 1356 1603 1413 sedis
1627 1372 1684 1427 pre

627 1445 709 1499 nobis
734 1445 950 1515 urgentissimae
970 1446 1016 1501 vel
1041 1447 1130 1501 etiam
1149 1444 1344 1510 sententiales,
1365 1442 1500 1500 suumin
1518 1440 1599 1496 nullo
1617 1456 1685 1495 cen·

628 1533 790 1598 sequrmtur
807 1531 949 1602 vigorem,
971 1531 1016 1585 vel
1035 1532 1082 1585 his
1096 1530 1208 1594 diebus,
1223 1536 1257 1584 ut
1280 1528 1436 1592 credimus,
1456 1528 1683 1596 consequentur.

460 1622 509 1667 Tus
517 1623 582 1667 arch·
628 1612 709 1683 Opus
721 1631 848 1684 namque
859 1632 968 1670 nevum
981 1614 1059 1685 (prod
1071 1615 1154 1686 prius
1167 1620 1231 1670 erat
1240 1613 1374 1685 ligneum
1386 1611 1511 1683 erigitur
1521 1607 1683 1680 lapideum,

459 1673 596 1767 i'fflffiffl
629 1702 658 1750 et
681 1703 715 1751 ut
738 1698 876 1754 subtilius
900 1705 930 1754 et
953 1699 1190 1770 argumentosius
1215 1697 1384 1754 mandatum
1414 1696 1540 1753 elidatur
1570 1696 1685 1764 aposto-

461 1773 586 1867 ssfflffi
629 1780 729 1845 licum,
756 1800 812 1837 nen
836 1782 952 1837 nemine
975 1782 1188 1855 archiepiscopi
1213 1782 1265 1838 sed
1292 1781 1506 1845 canonicorum,
1532 1776 1686 1849 consurgit

460 1873 549 1917 sturm
557 1888 587 1918 οιι
630 1864 791 1921 Damascus
822 1872 923 1922 eontra
953 1867 1129 1922 Jerusalem.
1168 1866 1309 1923 Certatim
1334 1866 1457 1921 affluunt
1483 1862 1616 1920 canonici
1645 1860 1685 1917 ad

460 1925 597 2035 'goffia
629 1948 737 2005 redium
769 1968 887 2006 surarum
920 1952 1173 2007 constructionem.
1219 1949 1392 2006 Adversarii
1427 1948 1519 2004 nostri
1556 1946 1593 2002 de
1614 1945 1685 2017 jum

460 2038 503 2098 ms
511 2031 609 2084 berakin
629 2032 791 2089 diffidentes
810 2034 848 2089 ud
866 2035 1036 2091 seacularem
1056 2054 1088 2091 se
1101 2036 1254 2090 conferunt
1270 2037 1451 2105 potestatem,
1465 2030 1538 2087 adeo
1549 2035 1592 2094 ut,
1605 2028 1685 2101 quod

460 2088 599 2186 iiiffim,
629 2116 658 2171 iu
686 2117 825 2187 injuriam
843 2118 987 2174 redundat
1011 2119 1158 2189 generalis
1186 2118 1326 2182 ecclesiae,
1358 2116 1439 2172 nullo
1465 2114 1575 2170 domiui
1599 2130 1685 2185 pepo

460 2201 543 2244 Wlff-
628 2201 762 2257 mandato
792 2203 835 2257 uti
867 2204 1080 2274 permittamur.
1118 2202 1205 2257 Nunc
1236 2220 1307 2273 ergo
1332 2218 1386 2271 pre
1416 2200 1479 2254 Deo
1505 2203 1535 2253 et
1560 2197 1685 2270 gloriosi

628 2286 765 2357 mmtyris
778 2286 897 2342 Theman
916 2288 1088 2352 reverentia,
1109 2286 1276 2342 necessitati
1294 2290 1409 2348 nostras,
1433 2283 1521 2338 imme
1539 2280 1686 2338 ethoneri

630 2376 724 2425 restro
742 2369 893 2435 intendite,
921 2372 991 2441 quia
1018 2371 1100 2426 vobis
1126 2376 1172 2426 est
1196 2369 1282 2425 titulo
1308 2367 1494 2441 proprietatis
1522 2384 1684 2423 accerume·

628 2452 737 2516 datum,
763 2471 902 2523 personas
930 2455 1084 2509 coufovere
1111 2454 1305 2518 miserabiles,
1327 2458 1356 2507 et
1380 2451 1535 2523 depressos
1562 2451 1594 2506 iu
1620 2451 1685 2507 suis

627 2537 772 2609 angust-iis
792 2538 929 2608 potentias
948 2538 1074 2599 divitum
1093 2544 1124 2593 et
1144 2543 1315 2611 magnatum
1334 2537 1459 2591 auferre.
1497 2534 1612 2593 Valete.

503 2696 568 2740 anor
813 2660 818 2674 '
842 2657 882 2713 Ia
900 2656 1016 2713 calata
1035 2656 1148 2713 laedam
1167 2656 1236 2713 eliis
1256 2654 1462 2711 cardinalibus.

485 2746 543 2800 Julp
553 2751 587 2792 tt.

792 2872 903 2927 LXIX.
943 2872 1021 2927 Insa
1041 2872 1176 2927 Heremo
1195 2885 1293 2927 rmum
1311 2884 1345 2927 m
1364 2885 1451 2927 secus
1469 2885 1538 2927 sors.

458 2996 596 3093 ffigfflffes
661 2997 688 3052 A
703 3000 821 3070 negotio
838 2999 979 3055 haetenus
999 2999 1027 3053 in
1048 3001 1176 3055 tenebris
1195 3000 1425 3072 perambulante,
1439 3000 1476 3054 ad
1488 3000 1640 3055 incursum
1653 3004 1685 3055 et

458 3099 581 3148 pnortmt
625 3081 801 3138 dmruenium
823 3081 1009 3155 pervenimus
1028 3085 1233 3150 meridianum,
1253 3085 1337 3155 eujus
1364 3085 1408 3138 rei
1430 3084 1537 3139 seriem
1564 3080 1814 3156 eupeditl'Meu

457 3148 570 3252 ζξξᾞξῐξξζ
627 3174 660 3222 ut
684 3169 859 3238 agnoscatis.
900 3169 983 3223 Sicut
1009 3167 1126 3223 domino
1151 3170 1242 3240 priori
1270 3169 1511 3240 significavimus,
1539 3168 1684 3241 arehiepi-

456 3251 593 3344 lffifflns
626 3268 740 3322 scopus,
760 3252 886 3323 receptis
905 3252 1012 3307 litteris
1031 3269 1120 3322 super
1145 3252 1242 3323 operis
1261 3254 1430 3317 cessatione,
1450 3250 1601 3323 usquead
1617 3269 1683 3307 seu·

458 3336 748 3396 nawammh'tentiam
768 3354 873 3401 causac,
895 3344 924 3389 et
950 3336 1017 3390 aliis
1045 3336 1221 3408 quibusdam
1247 3337 1394 3408 capitulis,
1416 3343 1450 3391 ut
1468 3337 1552 3401 solet,
1572 3336 1684 3391 obtem·

626 3417 749 3484 peravit,
783 3417 856 3470 atleo
888 3424 920 3470 ut
957 3435 1029 3487 opus
1067 3417 1165 3487 ipsum
1195 3417 1285 3471 etiam
1315 3417 1488 3472 auctoritate
1524 3416 1685 3487 apostolica

626 3499 805 3569 prohibitum
831 3518 917 3570 opere
944 3500 1054 3570 rnajere
1081 3507 1182 3571 surgat
1208 3519 1296 3571 quam
1322 3502 1413 3572 prius.
1450 3500 1571 3571 Capella
1598 3499 1682 3572 prius

627 3583 725 3654 lignea
744 3602 778 3636 cx
796 3584 944 3654 lapidibus
964 3591 993 3638 ct
1012 3591 1143 3639 cernente
1162 3585 1351 3640 construitur.
1388 3585 1497 3640 Clerici
1516 3602 1534 3639 a
1550 3590 1682 3655 tempere

627 3665 807 3720 inhibitionis
826 3666 973 3736 praedictae
992 3666 1093 3723 domos
1120 3688 1187 3723 suas
1215 3669 1349 3724 certatim
1368 3669 1496 3739 erigunt,
1515 3684 1583 3724 cum
1601 3667 1683 3723 nulla

459 3758 592 3814 stempas
627 3750 709 3820 prius
740 3749 770 3802 iu
800 3750 864 3804 lece
895 3751 1007 3805 suisset.
1056 3752 1175 3807 Litterae
1206 3771 1275 3807 vero
1306 3753 1416 3808 domini
1446 3771 1528 3824 papae
1559 3751 1595 3806 de
1625 3769 1682 3807 ιιοιι

458 3811 614 3906 {ffffl'fim
627 3833 769 3904 exigenda
801 3833 983 3889 fraternitate
1014 3854 1103 3891 causa
1129 3837 1211 3891 illius
1242 3836 1348 3907 operis,
1381 3843 1411 3892 et
1440 3834 1681 3908 praedicatoribus

457 3910 590 4015 m&
627 3936 683 3971 neu
714 3916 912 3982 admittendis,
945 3925 1114 3974 reverenter
1145 3920 1205 3974 sere
1244 3920 1350 3991 ubique
1386 3925 1511 3991 receptas
1542 3926 1619 3985 sunt,
1652 3927 1682 3975 et

456 4012 613 4067 rallyoueyul.
626 4002 748 4066 firmius,
765 4007 798 4056 ut
815 4002 926 4067 dieunt,
941 4009 1073 4058 servatae.
1111 4002 1174 4072 Qua
1192 4003 1228 4058 de
1246 4003 1426 4059 rodominus
1444 4004 1681 4075 archiepiscopus

627 4086 812 4141 vehementer
840 4092 1010 4151 commotus,
1031 4088 1249 4160 conceptionem
1276 4087 1442 4144 litterarum
1469 4088 1585 4144 domino
1616 4088 1681 4160 regi

457 4184 578 4246 errasset·
625 4176 726 4226 eontra
755 4189 807 4225 uos
832 4170 923 4236 misit,
951 4171 1033 4236 satis,
1062 4171 1139 4227 sicut
1164 4170 1273 4227 dicitur
1301 4178 1331 4227 et
1356 4191 1454 4244 supra,
1483 4171 1679 4236 malitiosam

457 4235 591 4332 ffifflffi
625 4263 725 4328 petens
744 4262 777 4311 ut
795 4256 842 4312 vel
869 4274 936 4310 cum
964 4275 980 4311 a
1008 4257 1216 4312 monachorum
1250 4275 1370 4312 suorum
1397 4257 1582 4312 infestatione
1609 4256 1682 4311 libe·

454 4336 594 4439 Qiffihe
624 4348 712 4407 reret,
742 4342 789 4396 vel
818 4360 836 4395 a
855 4346 933 4396 terra
952 4360 1005 4396 sua
1032 4341 1112 4395 exire
1131 4342 1324 4411 permitteret.
1363 4339 1449 4397 Circa
1467 4348 1583 4413 tempus
1601 4338 1681 4396 idem

455 4439 544 4483 suenus.
623 4446 723 4482 rumor
742 4433 805 4482 erat
823 4425 1008 4481 redemitium
1028 4445 1045 4480 a
1064 4425 1154 4491 curia,
1176 4425 1254 4497 quod
1278 4425 1420 4496 magistre
1438 4425 1527 4481 Petro
1544 4424 1680 4481 Blesensi

623 4512 759 4575 instante,
780 4511 865 4581 quasi
884 4510 1001 4566 nomino
1020 4510 1111 4580 regis,
1133 4518 1275 4581 quatenus
1299 4527 1405 4565 novam
1423 4510 1506 4564 illam
1524 4508 1679 4565 ecclesiam

455 4607 554 4675 lfeteras
622 4595 685 4648 ficri
711 4595 903 4663 permitteret,
934 4593 1070 4649 domiuus
1098 4613 1174 4665 papa
1201 4593 1410 4665 respondisset,
1433 4592 1540 4662 “Quid
1567 4592 1623 4648 hoe
1641 4590 1679 4648 ad

452 4660 569 4753 {Jfflffl
623 4684 640 4703 ‘⁶
655 4679 797 4748 regem?”
835 4679 927 4746 Quem
941 4696 1104 4733 sermonem
1124 4680 1202 4732 idem
1215 4679 1320 4733 Petrus
1334 4678 1450 4733 domino
1463 4678 1527 4748 regi
1547 4676 1679 4733 scriatim

451 4758 578 4852 ξξζῑκξῐῆθῑϋ
620 4763 727 4818 dicitur
753 4763 953 4818 demandasse.
992 4764 1035 4816 Ex
1054 4762 1217 4817 hoercrbo
1236 4767 1265 4816 et
1284 4762 1390 4817 litteris
1410 4761 1623 4833 archicpiscopi
1641 4761 1678 4816 dc

449 4822 603 4913 {adiingynm‘
621 4848 727 4919 quibus
751 4847 956 4918 praemisimus,
971 4847 1107 4902 dominus
1126 4864 1177 4901 rex
1196 4848 1378 4902 occasionem
1396 4854 1508 4911 noetus,
1522 4846 1679 4902 manifeste

448 4911 567 5014 {Effi‘gs
620 4932 778 4988 incanduit.
818 4931 969 4987 Redeunte
988 4933 1087 5002 itaquo
1107 4932 1212 4987 nuncio
1231 4932 1341 4987 domini
1360 4932 1450 5002 regis,
1473 4948 1540 4986 cum
1558 4930 1679 4986 abbatos

473 5023 573 5069 ron-sm
619 5015 680 5071 dati
699 5024 867 5071 executores
886 5016 965 5070 diem
982 5016 1040 5087 ipsi
1060 5016 1278 5088 archiepiscopo
1303 5016 1496 5088 praefixissent
1521 5033 1578 5087 quo
1597 5033 1678 5070 mau-

618 5100 719 5155 datum
737 5100 930 5173 apostolicum
957 5102 1063 5172 exequi
1089 5100 1237 5166 deberent,
1258 5101 1373 5158 litteras
1401 5100 1571 5171 hujusmodi
1598 5116 1679 5157 acce·
