4192 6392
873 1146 1057 1218 memnii.
1423 1155 1488 1218 543

440 1350 546 1400 vestrae
572 1345 620 1401 vel
651 1344 682 1399 in
707 1344 806 1416 aliquo
831 1342 1018 1415 respondere.
1067 1343 1100 1399 Si
1126 1360 1183 1414 quo
1207 1344 1305 1399 minus
1330 1350 1429 1400 autem
1456 1342 1488 1398 id
1516 1348 1637 1395 mlta

440 1429 575 1485 videatur
601 1431 712 1483 factum
730 1426 827 1498 quoad
845 1426 1001 1483 ecclesiam
1027 1427 1063 1482 de
1082 1427 1241 1493 Emisford
1261 1429 1395 1500 ignoscat
1417 1428 1486 1493 filio,
1519 1401 1636 1504 griffi}

441 1513 467 1568 si
484 1513 590 1585 placet,
613 1511 775 1584 paternitas
793 1516 901 1575 restra,
922 1511 948 1565 si
965 1516 1065 1565 tamen
1083 1511 1114 1565 in
1131 1511 1186 1566 hac
1211 1516 1293 1582 parte
1312 1511 1432 1566 debeam
1451 1512 1487 1566 de
1516 1500 1641 1546 mum·

436 1597 504 1667 jure
523 1595 610 1667 argui
626 1595 828 1666 negligentias,
849 1594 900 1666 qui
917 1612 994 1648 nnus
1019 1600 1050 1648 et
1074 1594 1153 1649 solus
1181 1613 1247 1649 sum
1273 1595 1350 1650 inter
1368 1596 1486 1660 multos,
1500 1577 1638 1680 ξξμὲξξω

441 1699 566 1754 quorum
593 1680 671 1735 sicut
688 1678 825 1756 voluntas
842 1677 927 1733 rania
951 1684 997 1733 est
1024 1684 1054 1733 et
1072 1678 1198 1742 diversa,
1218 1679 1261 1734 ita
1284 1685 1314 1734 et
1331 1680 1484 1743 sententia,
1500 1678 1650 1722 uheesunoc

439 1765 566 1820 maxime
596 1764 649 1818 uei
676 1762 739 1835 juri
767 1770 797 1818 ei
821 1762 928 1817 rationi
954 1761 1073 1816 videtur
1103 1762 1189 1817 narii
1216 1762 1294 1832 quoe
1323 1763 1486 1818 mearunt.
1500 1728 1632 1824 illdffim

440 1848 558 1918 Loquor
590 1846 771 1918 intelligenti
808 1844 880 1915 quid
910 1845 949 1899 sit
977 1845 1139 1900 multorum
1167 1845 1298 1902 moribus
1328 1846 1485 1902 deservire.
1500 1830 1637 1932 mg&

428 1930 519 2002 ¹Quid
543 1930 730 2002 praetendunt
747 1929 904 2002 quominus
922 1928 988 1983 fieri
1012 1927 1116 1985 debeat
1134 1929 1213 2000 quod
1238 1947 1361 2000 perros
1388 1930 1425 1985 ab
1448 1931 1486 1984 iis
1500 1929 1624 2024 ffigm

439 2015 593 2088 repetitur,
612 2021 773 2070 conventus
790 2011 885 2068 nostri
905 2012 1073 2068 litterarum
1091 2019 1190 2069 tenore
1208 2014 1349 2084 inspecto,
1371 2013 1487 2068 facilius
1500 2030 1632 2125 Ἓξ

440 2099 550 2172 poterit
560 2097 710 2170 perpendi.
743 2097 776 2152 si
794 2113 864 2151 vero
876 2094 1029 2167 parvitatis
1040 2114 1114 2151 meae
1126 2095 1281 2152 consilium
1293 2097 1489 2169 acceptaverit
1501 2092 1613 2184 mnino-sd

440 2189 540 2238 vestra
556 2181 722 2254 prudentia,
743 2198 810 2235 cnm
835 2179 944 2234 saniori
962 2178 1086 2233 dixerim
1104 2179 1289 2245 conscientia,
1310 2182 1404 2237 satius
1422 2198 1487 2236 esse
1500 2142 1657 2227 lusionem.

441 2274 472 2323 et
488 2267 639 2322 honestius
658 2270 709 2320 aut
733 2282 767 2319 eo
785 2263 872 2318 modo
890 2263 942 2334 qui
959 2263 1042 2318 vobis
1061 2263 1253 2334 significatur,
1272 2271 1324 2320 aut
1342 2265 1399 2321 alio
1418 2283 1484 2337 pro·

441 2351 548 2407 batiori
567 2350 594 2405 si
611 2348 739 2406 inveniri
766 2348 885 2419 poterit,
905 2364 972 2402 cum
992 2351 1136 2402 conventu
1159 2352 1259 2402 nostro
1278 2348 1398 2418 pacifice
1416 2367 1483 2404 con·

442 2436 551 2500 venire,
571 2451 660 2505 quam
677 2431 786 2504 populo
811 2430 980 2486 scandalum
1005 2430 1140 2501 generari
1166 2436 1196 2484 et
1213 2435 1338 2485 matrem
1356 2438 1486 2488 vestram

440 2519 508 2590 plus
527 2535 615 2590 qnam
633 2515 764 2570 creditur
782 2514 958 2569 contristari.
988 2512 1114 2584 Insuper
1132 2511 1158 2568 si
1169 2513 1268 2569 verbis
1281 2513 1391 2569 domini
1403 2517 1484 2589 regis

440 2601 558 2673 Angliae
577 2599 716 2662 creditur,
737 2598 767 2652 in
784 2598 846 2652 vita
864 2615 918 2652 sua
934 2614 991 2651 non
1009 2597 1165 2652 sustinebit
1182 2597 1260 2668 quod
1277 2598 1485 2669 Lugdunensis

441 2684 678 2754 archiepiscopus
696 2680 850 2736 ecclesiam
868 2681 904 2735 de
916 2680 1072 2735 Einesford
1090 2698 1207 2752 quoquo
1224 2680 1310 2736 modo
1327 2681 1487 2753 possideat.

442 2767 599 2823 Provideat
616 2766 719 2836 igitur,
740 2765 766 2820 si
783 2765 889 2837 placet,
909 2763 1048 2820 discretio
1066 2769 1174 2830 vestra,
1194 2764 1320 2836 qualiter
1346 2783 1394 2821 res
1422 2765 1487 2836 ipsa

441 2851 557 2923 planius
588 2856 619 2905 et
646 2848 753 2904 melius
783 2848 821 2903 ed
851 2848 984 2904 debitum
1013 2850 1108 2920 possit
1136 2848 1223 2903 finem
1252 2849 1430 2920 pertingere,
1459 2856 1489 2905 et

442 2939 583 3006 quantum
601 2934 633 2988 in
650 2950 697 2988 me
710 2933 775 2997 erit,
788 2931 871 2987 nulle
888 2932 1082 2988 exsecutionis
1100 2932 1157 2987 erit
1174 2932 1352 2987 retractatio.
1373 2931 1488 2988 Valete.

457 3198 548 3252 DLX.
567 3199 705 3253 Uarianos
724 3211 794 3250 rara
813 3196 986 3249 Banoswrro
1004 3210 1224 3249 sacsrnmscoro
1243 3194 1467 3252 Oruronruussr.
1517 3208 1639 3304 ,zfflqq

753 3323 823 3386 (us
836 3323 960 3373 namna
975 3328 1046 3383 1212,
1058 3323 1092 3372 ro.
1105 3324 1175 3387 κο.)
1641 3291 1650 3306 ’

478 3474 615 3529 Urbanus
642 3473 805 3544 episcopus,
829 3489 932 3527 servus
960 3489 1113 3526 servorum
1132 3469 1198 3536 Dei,
1221 3472 1381 3527 venerabili
1407 3472 1491 3528 fratri
1504 3478 1553 3524 'the

444 3549 649 3613 Cantuariensi
668 3555 895 3626 archiepiscopo,
916 3554 1083 3625 apostolicas
1102 3554 1181 3610 sedis
1199 3554 1307 3625 legato,
1320 3556 1446 3610 salutem
1464 3543 1644 3638 affinio„

444 3642 634 3713 apostolicam
657 3639 899 3695 benedictionem.
945 3639 1038 3693 Tanto
1068 3638 1204 3693 fraternae
1231 3639 1361 3695 caritatis
1386 3640 1493 3696 affectu
1504 3632 1610 3727 ἔξω

446 3743 600 3798 personam
619 3730 650 3778 et
674 3722 827 3778 ecclesiam
855 3721 910 3776 tibi
937 3721 1122 3776 commissam
1148 3738 1202 3792 pro
1226 3724 1391 3778 reverentia
1413 3725 1493 3781 beati
1503 3734 1635 3779 orarounh

443 3810 563 3864 '1'thoe
589 3807 729 3877 martyris
754 3806 866 3861 Christi
896 3804 1060 3876 diligimus,
1086 3804 1164 3876 quod
1192 3805 1268 3860 nihil
1296 3806 1374 3877 quod
1402 3808 1492 3865 alicui
1503 3786 1652 3880 fflffisst

444 3893 528 3947 fratri
554 3897 655 3946 nostro
680 3889 839 3946 concedere
866 3889 1023 3944 debeamus
1050 3889 1105 3944 tibi
1132 3889 1321 3946 statuerimus
1348 3885 1650 3978 denegan-lshotombor

444 3977 533 4041 dum;
553 3975 677 4045 ideoque
695 3973 884 4044 praesentium
902 3973 1074 4029 auctoritate
1085 3973 1262 4029 fraternitati
1279 3980 1337 4030 tuae
1355 3977 1492 4034 duximus
1502 3935 1633 4040 ⁸3qu

445 4056 667 4130 indulgendum,
691 4062 725 4113 ut
749 4062 854 4129 quarta
878 4062 962 4128 parte
981 4055 1161 4112 oblationum
1187 4074 1252 4129 qnae
1277 4059 1315 4113 ad
1339 4037 1663 4133 relliquiasssffiffleq„

443 4143 521 4198 beati
540 4141 677 4214 martyris
696 4140 867 4206 offeruntur,
881 4141 1089 4196 monachorum
1107 4141 1211 4198 usibus
1229 4160 1374 4210 concessa,
1389 4153 1495 4217 quarta

446 4226 564 4283 fabricis
592 4226 724 4282 ecclesiae
749 4224 897 4297 deputata,
916 4230 1023 4295 quarta
1046 4225 1226 4298 pauperibus
1250 4234 1379 4298 erogata,
1405 4229 1493 4284 aliam

444 4318 579 4383 quartam
605 4311 694 4366 liceat
722 4309 779 4364 tibi
805 4309 837 4364 in
862 4309 921 4364 alia
944 4326 1034 4380 opera
1058 4328 1111 4380 pro
1141 4316 1200 4365 tna
1229 4310 1388 4366 voluntatis
1417 4312 1494 4365 arbi·

444 4394 502 4450 trio
528 4395 672 4450 ordinare.
716 4392 910 4449 concedimus
935 4410 1052 4464 quoque
1078 4392 1143 4457 tibi,
1169 4398 1203 4448 ut
1228 4394 1349 4463 antiqua
1371 4393 1494 4448 aedificia

445 4478 476 4533 in
502 4478 567 4533 loco
585 4494 715 4550 congruo
740 4477 818 4548 apud
836 4476 976 4531 Lamheia
993 4475 1200 4541 reaedificandi,
1220 4475 1269 4531 vel
1295 4492 1370 4530 nova
1387 4477 1492 4533 consti·

445 4560 556 4624 tuendi,
586 4561 648 4615 sine
667 4560 756 4615 alieni
778 4559 857 4631 juris
876 4559 1038 4631 dispendio,
1060 4558 1137 4613 sicut
1154 4557 1383 4629 praedecessores
1407 4561 1451 4614 tui
1475 4579 1494 4616 a

447 4643 642 4716 quadraginta
664 4649 744 4699 retro
771 4643 855 4698 annis
881 4643 1020 4699 habuisse
1044 4646 1213 4706 noscuntur,
1239 4641 1362 4696 liberam
1385 4642 1493 4699 habeas

446 4727 625 4783 facultatem.
662 4726 773 4783 Datum
790 4725 923 4793 Verona,
943 4726 1001 4781 kal.
1021 4723 1139 4780 Octobr.
