4192 6392
632 1162 672 1222 18
914 1170 1088 1221 amaseam
1112 1167 1405 1230 osannamnnsss,

481 1372 602 1416 aalma
631 1359 675 1412 rei
703 1363 839 1428 prompta
856 1357 1039 1427 benignitate
1067 1372 1220 1411 assensum
1244 1355 1453 1426 praebentibus,
1473 1352 1629 1408 ecclesiam
1657 1353 1689 1407 iu

631 1443 770 1496 honorem
790 1440 845 1494 Dei
873 1445 904 1494 et
929 1441 1051 1510 gloriosi
1076 1439 1217 1510 martyris
1234 1438 1363 1503 Thomas,
1377 1453 1467 1509 prope
1486 1436 1687 1499 eanausriam,

632 1525 729 1581 locum
750 1525 895 1595 passionis
917 1542 987 1588 sum,
1000 1525 1136 1579 invocata
1149 1523 1249 1579 Sancti
1263 1522 1392 1593 Spiritus
1405 1520 1511 1592 gratia,
1524 1520 1689 1575 demeritis

633 1616 664 1664 ot
682 1626 769 1679 opere
789 1608 922 1678 ejusdcm
941 1608 1080 1677 martyris
1105 1607 1216 1670 confisi,
1233 1606 1297 1676 jam
1315 1605 1438 1661 fundura
1457 1605 1630 1675 incepimus,
1650 1603 1689 1658 ab

633 1694 677 1748 Eo
707 1703 859 1763 sperantes
891 1692 1043 1755 auxilium,
1076 1691 1133 1759 Qui
1165 1691 1273 1746 sanctis
1310 1690 1443 1760 patribus
1473 1688 1583 1745 nostris
1613 1704 1688 1760 prai-

465 1793 604 1854 Tnenpnks
634 1777 746 1832 dictum
772 1776 928 1846 inspiravit
960 1775 1152 1845 propositum.
1192 1774 1230 1828 Et
1258 1773 1328 1844 quia
1352 1772 1407 1826 filii
1432 1773 1526 1828 nostri
1554 1771 1689 1827 monachi

465 1844 575 1938 ffl'gssl
635 1861 766 1916 ecclesias
795 1860 909 1914 Sanctae
936 1859 1090 1914 Trinitatis
1117 1857 1283 1914 cantuariae
1313 1863 1375 1912 tam
1405 1857 1487 1928 pium
1519 1860 1689 1911 sanctorum

465 1945 615 1997 0pposcnnu.
634 1945 815 2016 propesitum
834 1942 928 1997 modis
947 1943 1082 1998 omnibus
1101 1942 1254 2013 impedire,
1275 1946 1305 1995 ct
1322 1957 1359 1995 ne
1377 1940 1415 1995 ad
1432 1940 1571 1995 honorem
1583 1939 1640 1995 Dei
1659 1946 1691 1994 et

635 2028 776 2099 martyris
804 2044 877 2098 opus
896 2026 1047 2096 inceptum
1073 2025 1223 2096 procedat,
1248 2024 1359 2079 nostris
1386 2023 1465 2079 votis
1493 2023 1612 2078 obviare
1639 2039 1687 2077 ce·

502 2133 588 2177 rosto,
634 2118 756 2176 nantnr3
778 2111 991 2166 fraternitatem
1009 2114 1149 2173 vestram,
1170 2108 1205 2163 do
1225 2125 1283 2179 qua
1300 2107 1388 2178 plene
1405 2106 1588 2170 confidimus,
1608 2105 1689 2162 solli·

640 2197 766 2252 citamus
794 2196 825 2249 in
855 2195 991 2258 Domino,
1020 2200 1160 2264 rogantes
1187 2193 1302 2257 obnixe,
1335 2197 1481 2262 quatenus
1503 2189 1690 2263 transcriptis

638 2279 830 2347 indulgentia
855 2277 966 2332 domini
991 2294 1084 2348 papae,
1105 2284 1136 2332 ot
1161 2276 1264 2331 formae
1282 2275 1448 2331 litterarum
1467 2275 1577 2330 domini
1595 2275 1689 2345 regis,

637 2382 709 2434 <quas
728 2362 882 2435 pronubis
901 2361 1019 2415 domino
1038 2378 1121 2432 papa)
1140 2361 1245 2432 dirigit
1261 2360 1412 2432 inspectis,
1432 2378 1547 2416 summo
1558 2359 1691 2432 pontifici

470 2456 612 2500 Housman
638 2449 752 2501 litteras
771 2451 884 2500 vestras
904 2445 1050 2513 dirigatis,
1072 2445 1178 2516 quibus
1197 2444 1358 2500 secundum
1375 2451 1507 2499 tenorem
1525 2443 1691 2499 litterarum

468 2508 626 2609 {fflwffigffi
639 2530 757 2584 Domini
776 2529 866 2598 regis,
881 2529 907 2583 si
924 2528 1029 2583 melius
1050 2529 1186 2599 expedire
1198 2527 1343 2592 videritis,
1358 2528 1540 2599 propositum
1558 2532 1691 2583 nostrum

468 2609 551 2659 mli·
639 2613 856 2670 commendetis.
888 2613 1007 2667 Morere
1027 2629 1142 2684 quoque
1161 2613 1249 2668 debet
1267 2612 1304 2667 ad
1321 2612 1376 2667 hoc
1394 2611 1556 2668 devotionis
1573 2618 1691 2675 vestrae,

638 2716 727 2770 quam
757 2697 795 2753 ad
823 2703 983 2767 martyrem
1013 2704 1148 2752 nostrum
1173 2696 1297 2759 habetis,
1327 2696 1535 2762 sinceritatem,
1556 2695 1634 2768 quod
1661 2696 1693 2750 in

636 2782 797 2854 provinciis
825 2788 854 2836 et
882 2781 942 2834 iere
970 2781 1081 2851 ubique
1108 2786 1254 2835 terrarum
1282 2779 1319 2833 ad
1335 2779 1393 2834 Dei
1422 2779 1571 2845 honorem,
1596 2779 1692 2851 ipsius

638 2867 813 2923 nominatim
842 2871 872 2920 ct
896 2864 1065 2935 specialiter
1084 2864 1216 2920 ecclesias
1244 2864 1425 2935 multiplices
1444 2864 1609 2935 erigantur,
1628 2864 1693 2936 ipse

638 2952 669 3005 in
687 2958 766 3006 terra
790 2948 954 3003 nativitatis
980 2965 1051 3011 suae,
1072 2954 1102 3003 et
1120 2949 1152 3002 in
1177 2965 1213 3002 ca
1230 2947 1417 3018 potissimum
1434 2947 1586 3021 provincia
1603 2965 1693 3020 quam

637 3035 779 3106 martyrio
805 3051 858 3088 suo
883 3032 1105 3103 triumphaliter
1123 3032 1294 3097 illustravit,
1315 3032 1410 3088 adhuc
1427 3038 1568 3104 tanquam
1585 3033 1692 3104 hospes

637 3120 742 3175 altaria
771 3120 802 3173 in
832 3117 965 3172 ecclesiis
996 3116 1101 3171 alienis
1131 3115 1229 3181 habet,
1261 3117 1416 3173 ecclesiam
1445 3122 1544 3174 autem
1567 3117 1692 3173 nullam.

470 3196 607 3292 &22¹¹ng
639 3204 685 3260 Sit
697 3205 790 3276 igitur
803 3202 839 3257 de
857 3201 1040 3272 benignitate
1051 3206 1152 3256 restra
1163 3201 1200 3256 de
1212 3201 1321 3257 litteris
1332 3201 1538 3273 benignissimi
1550 3202 1694 3274 principis

471 3299 620 3360 tatarortno
638 3289 730 3343 nostri
749 3288 779 3341 in
799 3285 952 3341 scribendo
971 3303 1024 3356 pro
1042 3285 1126 3340 nobis
1146 3285 1311 3357 exemplum
1323 3286 1482 3357 suscipere,
1497 3292 1593 3357 etprc
1604 3303 1694 3342 causa

469 3349 534 3449 ξζῗῗ·
560 3351 613 3401 (No.
639 3379 747 3435 nostra,
768 3372 858 3424 Immo
877 3369 1000 3441 gloriosi
1026 3370 1176 3440 martyris,
1197 3369 1239 3424 ita
1258 3370 1413 3424 efficaciter
1431 3370 1568 3434 scribere,
1589 3379 1692 3443 quate-

638 3476 693 3510 nus
712 3456 743 3508 in
761 3455 866 3509 eii'ectu
893 3455 990 3525 operis
1010 3454 1142 3510 doceatis
1163 3472 1250 3524 quam
1270 3454 1361 3524 pium,
1382 3472 1471 3525 quam
1489 3455 1637 3511 sincerum
1656 3455 1694 3510 ad

639 3537 829 3609 saepedictum
859 3543 1019 3608 martyrem
1055 3537 1187 3593 habeatis
1219 3536 1383 3593 dilectionis
1420 3537 1566 3594 affectum.
1617 3538 1692 3595 Cum

640 3629 738 3677 autem
765 3621 879 3676 litteras
904 3629 1017 3676 vestras
1046 3621 1136 3677 scribi
1158 3621 1298 3686 feceritis,
1325 3622 1442 3677 easdem
1470 3622 1570 3694 sigillo
1594 3631 1694 3679 vestre

641 3706 771 3776 signatas
790 3721 857 3759 cum
875 3706 1053 3775 transcripte
1071 3705 1190 3760 illarum
1208 3705 1291 3761 nobis
1309 3705 1444 3762 mittatis.
1476 3705 1591 3763 Valete.

653 3914 773 3970 XXIII.
812 3916 933 3972 Unmne
953 3933 1029 3974 rias
1048 3918 1216 3976 Giiornmns
1235 3920 1330 3977 Rmsa
1348 3922 1484 3979 Enrnnms
1503 3927 1676 3983 anscerus.¹

677 4035 933 4092 Reverendissimo
952 4038 1069 4094 domiuo
1088 4046 1118 4095 et
1135 4040 1212 4110 patri
1226 4039 1262 4095 U.
1276 4040 1332 4096 Dei
1351 4042 1448 4112 grstia
1466 4061 1581 4100 summo
1599 4047 1693 4117 ponti·

640 4117 697 4183 sici,
713 4119 748 4174 G.
761 4120 954 4190 permissione
968 4122 1071 4177 divina
1090 4122 1218 4180 Eliensis
1230 4124 1364 4180 ecclesias
1382 4126 1526 4192 minister,
1540 4146 1602 4184 suae
1614 4147 1696 4187 sane·

639 4204 731 4259 titatis
751 4221 864 4270 servus,
885 4206 1010 4261 salutem
1029 4214 1059 4262 et
1077 4207 1276 4264 devotissima
1294 4209 1485 4280 subjectionis
1502 4212 1688 4285 obsequium.

472 4283 612 4388 &afflet
676 4285 828 4342 Animavit
846 4304 892 4341 me
912 4294 1020 4343 sanctae
1039 4290 1227 4359 paternitatis
1240 4297 1348 4346 vestrae
1359 4294 1535 4363 praeminens
1546 4294 1697 4362 discretio,

472 4387 593 4429 somnne
641 4376 671 4424 ct
689 4388 777 4440 quam
796 4370 901 4441 geritis
920 4372 950 4425 in
968 4372 1145 4428 universalis
1165 4374 1299 4430 ecclesia)
1311 4375 1482 4432 dilatatione
1500 4379 1551 4449 pia
1567 4378 1694 4446 devotio,

472 4438 629 4531 ffifflffl
641 4453 825 4523 majestatem
862 4461 992 4511 vestram
1028 4457 1166 4527 precibus
1203 4457 1380 4515 fiducialiter
1410 4462 1575 4528 convenire,
1608 4481 1697 4536 super

472 4538 529 4631 ἓξὲξ]
536 4540 611 4632 {ipo-
642 4538 687 4591 his
707 4557 772 4608 quoe
791 4540 828 4594 ad
845 4540 984 4596 honorem
998 4541 1054 4596 Dei
1073 4548 1104 4598 ct
1121 4542 1293 4613 Anglicanm
1306 4545 1437 4601 ecclesia
1449 4553 1621 4618 provectum
1638 4566 1696 4604 non

471 4640 591 4683 annecto
642 4622 760 4693 ambigo
778 4624 943 4694 provenire.
981 4624 1095 4681 Aviris
1114 4627 1236 4697 quidem
1252 4634 1329 4683 notai
1347 4629 1500 4701 religionis
1518 4637 1549 4686 ct
1565 4632 1697 4703 probate

468 4690 621 4792 ww*
642 4706 710 4762 fidei
746 4707 882 4778 plurimis
914 4709 1023 4780 accepi,
1057 4710 1135 4781 quod
1165 4711 1256 4767 etiam
1292 4712 1330 4768 nd
1359 4719 1468 4770 vestra
1503 4714 1696 4774 sublimitatis

675 4958 680 4987 ¹
700 4956 820 5021 Geoffrey
832 4956 943 5016 Riddell,
954 4956 1045 5024 bishop
1056 4958 1087 5008 os
1094 4959 1152 5026 Ery,
1167 4963 1321 5015 11741189.
1356 4962 1456 5015 Helmd
1468 4965 1532 5016 been
1541 4965 1696 5019 amonem

639 5034 671 5085 of
678 5034 844 5099 Canterbury,
859 5039 1016 5087 llos-1174.
