4192 6392
915 1182 1092 1232 srrsronn
1115 1180 1410 1251 usurusarsusss,

479 1418 600 1463 suriae
809 1407 894 1464 XIX.
932 1408 1084 1465 Houoams
1103 1407 1205 1463 rn1ou¹
1223 1424 1258 1463 nr
1276 1423 1350 1465 secu
1368 1408 1544 1468 Cosmum.

461 1506 607 1602 ffigffiho
668 1509 818 1565 Honorius
849 1511 929 1582 prior
960 1511 1181 1568 (lantuariensis
1212 1512 1343 1568 eoclcsioe
1370 1520 1401 1569 et
1430 1514 1512 1579 socii,
1532 1515 1688 1571 conventui
1753 1544 1755 1549 >

460 1608 619 1652 couventthat
633 1591 747 1648 Sanctae
766 1595 928 1660 Trinitatis,
950 1595 1075 1651 salutem
1093 1597 1125 1650 in
1143 1595 1278 1652 Domino.

461 1658 594 1752 ffilffiff'
666 1677 792 1733 Noverit
810 1678 929 1734 dilectio
947 1685 1046 1734 vostra
1071 1697 1123 1734 nos
1141 1696 1195 1750 per
1213 1679 1269 1734 Dei
1288 1680 1415 1751 gratiam
1434 1680 1585 1737 dioLunae
1603 1699 1689 1754 prox-

461 1758 582 1853 ffifflffl
630 1761 690 1815 ima
701 1768 768 1816 ante
780 1762 887 1817 Natele
901 1762 1029 1828 Domini,
1050 1763 1081 1817 in
1099 1763 1240 1817 Flandria
1258 1763 1342 1819 littus
1360 1764 1517 1835 tetigisse.²
1549 1765 1608 1821 Per
1624 1772 1687 1821 tres

574 1841 580 1853 '
630 1845 709 1899 enim
728 1845 791 1900 dies
811 1847 841 1900 in
859 1846 934 1901 mari
947 1847 1156 1911 laboravimus,
1171 1852 1201 1902 et
1218 1846 1280 1901 sere
1291 1847 1482 1917 naufragium
1500 1849 1686 1919 pertulimus,

495 1935 583 1981 ῐαω,
650 1935 718 1984 rout
767 1930 937 1985 raesentium
975 1931 1051 1985 lator
1089 1930 1173 1985 vobis
1224 1947 1258 1984 ro
1295 1948 1316 1984 n
1347 1971 1354 1985 .
1581 1933 1588 1945 '

629 1945 835 2084 dnamodbque
863 2015 994 2086 corporis
1024 2013 1191 2069 molestiam
1204 1935 1377 2069 Eusffneelle’
1394 1929 1687 2085 pddsdmddlned'mbdi

461 2102 601 2197 graffium
630 2097 807 2167 mancipare.
844 2098 947 2153 Estote
965 2103 1131 2153 constantes
1159 2103 1189 2152 et
1207 2103 1282 2152 state
1309 2097 1447 2162 viriliter,
1467 2104 1498 2154 et
1515 2098 1578 2154 sine
1596 2100 1686 2154 inter·

461 2168 613 2258 „dbffip
630 2180 769 2237 missione
808 2199 860 2237 nos
892 2181 955 2236 Deo
988 2182 1020 2235 in
1054 2181 1234 2236 orationibus
1273 2181 1484 2247 commendate,
1516 2187 1547 2237 et
1575 2188 1685 2239 statum

461 2258 580 2351 ffi‘ss}
630 2271 762 2320 vestrum
780 2272 810 2321 et
828 2265 854 2320 si
873 2265 945 2336 quid
962 2264 1041 2320 circa
1053 2264 1278 2336 appellationem
1296 2266 1387 2320 fucrit
1403 2266 1581 2331 innovatum,
1600 2267 1687 2322 nobis

459 2355 586 2411 menese,
631 2350 763 2404 seriatim
792 2349 975 2420 significetis,
1008 2354 1038 2404 et
1069 2348 1212 2420 quiequid
1242 2348 1374 2404 ecelesiae
1405 2355 1512 2406 nostrae
1542 2356 1573 2405 et
1600 2350 1686 2407 vobis

463 2405 608 2459 ‘numm
630 2432 721 2486 fucrit
747 2432 955 2487 necessarium.
994 2431 1124 2487 Litteras
1155 2432 1296 2487 abbatum
1325 2439 1408 2488 extra
1439 2433 1599 2504 pendentes
1617 2451 1687 2489 cum

630 2516 737 2570 vestris
774 2514 999 2586 appellationem
1034 2515 1267 2585 protestantibus
1306 2515 1390 2570 nobis
1421 2517 1622 2583 transmittite,
1653 2522 1685 2573 et

629 2597 745 2654 litteras
763 2598 978 2654 ratihabitionis
997 2616 1065 2652 oum
1083 2598 1184 2669 sigillo
1202 2605 1311 2654 nostro.
1348 2599 1429 2654 Bene
1446 2600 1552 2656 valete.

472 2787 605 2885 &effi
753 2787 821 2843 XX.
859 2787 982 2843 Uussxo
1002 2801 1080 2841 man
1100 2787 1272 2842 coarsuros
1291 2784 1533 2851 Ouummmusu,

461 2911 617 2959 mmm
666 2893 838 2950 Reverendo
864 2894 895 2949 in
913 2895 1032 2950 Christo
1058 2893 1136 2964 patri
1155 2900 1185 2951 ct
1203 2892 1330 2957 domino,
1350 2892 1387 2947 U.
1409 2893 1465 2948 Dei
1489 2893 1587 2965 gratia
1604 2912 1684 2950 sum·

461 2963 596 3011 ¹³¹⁰'m‘l0
629 2994 678 3032 mo
696 2979 837 3050 pontifici,
856 2978 979 3033 humilis
998 2982 1160 3033 conventus
1180 2977 1313 3032 ecclesiae
1333 2976 1444 3033 Christi
1463 2977 1684 3035 cantuariensis

460 3016 580 3159 aasz&
631 3062 765 3128 salutem,
786 3069 816 3119 et
833 3068 999 3133 promptam
1017 3062 1049 3116 iu
1067 3062 1202 3117 omnibus
1221 3061 1426 3116 obedientiam.

459 3115 609 3218 ffimsom
664 3146 790 3202 Noverit
808 3148 947 3202 sanctitas
966 3153 1066 3201 vestra
1090 3164 1144 3201 nos
1163 3164 1283 3202 oausam
1299 3163 1353 3217 pro
1372 3164 1431 3217 qua
1448 3144 1485 3201 ad
1502 3144 1684 3203 audientiam

460 3214 581 3316 Μὰ
628 3237 758 3286 vestram
776 3231 999 3304 appellavimus,
1023 3231 1063 3285 H.
1081 3230 1174 3302 priori
1192 3235 1292 3285 nostro
1320 3236 1351 3286 ot
1376 3229 1517 3285 fratribus
1543 3247 1615 3301 quos
1644 3231 1683 3285 ad

459 3318 615 3371 eetrortuem,
628 3332 680 3370 vos
711 3315 872 3371 direximus
902 3314 1094 3378 commisisse,
1127 3320 1158 3369 et
1194 3313 1336 3385 quioquid
1364 3331 1452 3384 super
1483 3331 1518 3368 ea
1546 3314 1681 3378 fecerint,

460 3366 605 3469 ffifssdffit
628 3404 727 3453 ratum
752 3399 870 3454 habere.
909 3399 1087 3454 Paternitati
1115 3397 1214 3468 itaquo
1240 3403 1349 3452 vestrae
1374 3396 1457 3450 filiali
1482 3397 1681 3468 supplicamus

628 3482 779 3537 affcctione
799 3488 942 3554 quatenus
962 3482 1110 3538 defectum
1137 3498 1239 3535 eorum
1257 3479 1409 3551 plenitudo
1426 3486 1527 3535 vestra
1545 3480 1682 3552 supplere

627 3565 776 3634 dignetur,
797 3585 834 3620 ne
849 3567 999 3637 justitiam
1019 3584 1116 3620 causae
1146 3571 1254 3620 nostrae
1281 3564 1517 3619 adversariorum
1536 3564 1682 3635 deprimat

626 3649 765 3720 potentia.
805 3649 864 3705 Sed
894 3648 1049 3704 ecclesiam
1080 3666 1169 3720 quam
1199 3648 1327 3719 primam
1356 3648 1388 3701 in
1411 3647 1522 3719 Anglia
1552 3648 1683 3703 Romana

627 3734 790 3789 construxit
808 3734 911 3804 pietas,
932 3733 1057 3787 illaesam
1076 3737 1106 3786 et
1124 3732 1271 3802 integram
1290 3735 1391 3786 vestra
1416 3730 1447 3784 in
1474 3730 1530 3785 Dei
1555 3730 1680 3801 gloriam

626 3823 779 3872 conservet
826 3816 994 3871 auotoritas.
1050 3815 1158 3871 Valeat
1200 3814 1340 3871 sanctitas
1377 3820 1476 3870 vestra
1506 3831 1621 3885 semper
1643 3815 1681 3869 ¹in

626 3900 762 3955 Domino.

787 4090 871 4149 XXI.
911 4094 1034 4149 Uussuo
1054 4108 1131 4146 rara
1151 4092 1303 4147 Huumcus
1321 4108 1378 4146 aux
1395 4090 1529 4147 Aroma.

663 4204 856 4260 Sanctissimo
874 4203 951 4275 patri
970 4209 1000 4258 et
1019 4201 1136 4258 domino
1154 4201 1203 4266 U.,
1219 4201 1274 4256 Dei
1288 4202 1394 4271 gratia,
1410 4219 1525 4256 summo
1536 4200 1679 4273 pontifici,

626 4290 775 4345 Henricus
794 4289 896 4345 eadem
915 4287 1011 4359 gratia
1029 4304 1082 4341 rex
1099 4285 1228 4357 Angliae,
1249 4285 1307 4339 dux
1325 4284 1516 4340 Normanniae
1540 4291 1571 4341 et
1587 4283 1681 4356 Aqui·

625 4374 711 4429 taniee
725 4379 755 4428 et
772 4390 870 4429 comes
882 4370 1071 4442 Andegaviae,
1085 4370 1220 4434 salutem,
1235 4376 1266 4423 et
1277 4368 1476 4424 devotissimae
1489 4367 1680 4440 subjectionis
1756 4392 1763 4404 ·

624 4458 809 4529 obsequium.

775 4588 860 4594 .........
891 4588 940 4593 ..--.
988 4588 1022 4592 —
1046 4585 1291 4593 ————-

658 4658 663 4687 ¹
683 4656 820 4717 Honorius,
831 4657 889 4706 who
904 4656 954 4706 had
969 4657 1033 4707 been
1052 4655 1127 4719 ebap·
1154 4670 1156 4705 :
1209 4656 1219 4683 ⁸
1237 4652 1313 4704 Some
1325 4655 1409 4705 words
1429 4667 1471 4703 are
1488 4652 1548 4703 here
1565 4650 1680 4709 omitted,

622 4737 675 4788 lain
698 4744 724 4787 to
753 4736 904 4801 erchbishop
931 4735 1048 4786 Baldwin
1077 4735 1128 4784 and
1176 4730 1680 4797 orarewsntingtocompletethesense,

623 4817 727 4869 cellares·
746 4816 776 4866 os
790 4816 832 4866 the
852 4823 969 4877 convent,
985 4829 1037 4865 was
1054 4814 1127 4863 made
1176 4811 1261 4862 which
1277 4811 1390 4876 requires
1408 4813 1495 4877 parati
1512 4826 1602 4872 mu,
1613 4809 1680 4859 dres-

622 4894 861 4962 prior‚118o,July
876 4899 914 4944 le.
1176 4889 1242 4940 medo
1286 4906 1387 4940 caueam
1419 4897 1526 4942 nostran
1553 4889 1680 4953 pominus

656 4980 666 5007 ²
683 4976 738 5027 'l'he
749 4975 819 5040 prior
830 4974 910 5024 sailed
927 4987 961 5021 on
978 4970 1021 5022 the
1037 4986 1084 5021 eve
1101 4970 1131 5020 ol
1153 4948 1156 5031 l
1176 4969 1276 5021 effectui
1287 4969 1439 5033 mancipare.

623 5050 1126 5117 S.'l'homastheepoetle.Gervase,1485.
1153 5054 1155 5101 ἰ
