4192 6392
623 1175 686 1248 172
902 1194 1074 1243 sersrons
1098 1194 1388 1258 cirrusmsrsm,

470 1371 591 1463 {lumi
621 1369 728 1439 aliquis
755 1371 783 1422 ei
809 1369 944 1424 exhibeat
968 1372 1172 1435 reverentiam,
1202 1371 1227 1425 si
1254 1371 1291 1425 do
1317 1389 1370 1425 sua
1395 1371 1514 1441 justitia
1543 1368 1673 1424 Cantus·

453 1423 596 1535 Thssffi}
620 1455 746 1508 riensem
764 1468 822 1507 non
840 1456 991 1526 contingat
1007 1456 1190 1527 triumphare
1211 1454 1375 1510 eeclesiam.
1420 1454 1520 1510 Vitam
1538 1461 1673 1508 vestram

453 1535 582 1639 {ssffiyw
620 1543 650 1591 et
657 1538 897 1676 ticncolumitatem
916 1546 1069 1596 conservet
1087 1539 1228 1596 Dominus
1242 1539 1463 1606 dominantium,
1477 1537 1672 1594 dilectissime

453 1637 501 1679 soe.
620 1640 657 1693 pa
687 1641 711 1676 r.

487 1868 581 1965 1,ξὲθῇ
666 1870 859 1926 CLXXXIX.
897 1872 1065 2013 Rsorssngo
1083 1873 1279 1928 Bsrnosrnssr
1297 1887 1427 1928 nnscoro
1445 1873 1613 1929 Oorinrrus

1045 1973 1257 2015 mrussssssn.

450 2089 604 2187 ffm'vffil
652 2095 715 2153 Usu
734 2105 764 2153 ct
781 2099 978 2171 experimento
996 2099 1162 2167 didicimus,
1186 2121 1274 2174 cluam
1292 2101 1331 2157 sit
1352 2101 1434 2157 utilis
1453 2107 1483 2156 et
1499 2102 1668 2156 necessaria

451 2182 587 2238 thinks'tuo
617 2182 732 2251 quando
749 2184 921 2249 adversitas,
945 2204 1009 2256 quia
1034 2185 1187 2241 simulatos
1212 2204 1326 2241 amores
1351 2204 1407 2239 nou
1432 2185 1608 2250 dissimulat,
1634 2190 1668 2240 et

450 2241 699 2339 fflioss‘hpveras
718 2270 812 2323 celare
830 2288 888 2324 non
909 2276 1005 2340 potest
1029 2271 1183 2325 amicitias.
1221 2271 1299 2326 Hinc
1323 2277 1369 2326 ost
1396 2270 1473 2342 quod
1500 2270 1666 2326 sanctitatis

448 2343 561 2439 iiim
615 2358 720 2407 vostra)
738 2354 862 2424 pedibus
880 2372 980 2409 omnes
999 2361 1029 2409 et
1047 2355 1157 2426 singuli
1176 2355 1315 2420 obvoluti,
1330 2356 1492 2427 gratiarum
1511 2373 1546 2410 ex
1567 2355 1666 2410 animo

449 2449 551 2506 mnam
616 2438 770 2492 referimus
789 2439 926 2503 actiones,
952 2438 1056 2510 Ipsum
1080 2438 1268 2511 deprecantes
1292 2440 1436 2504 obnixius,
1462 2439 1518 2508 Qui
1542 2440 1573 2494 iu
1597 2458 1666 2495 eon-

449 2494 592 2595 fflmsswn'
617 2530 718 2594 speetu
737 2523 851 2578 concilii
870 2542 902 2577 os
920 2530 1053 2578 vestrum
1072 2524 1196 2594 aperuit,
1215 2530 1246 2579 et
1266 2525 1400 2596 implevit
1417 2524 1499 2589 illud,
1520 2531 1665 2595 quatenus

448 2596 551 2650 Μή)
616 2607 776 2662 seeundum
793 2606 1012 2662 multitudinem
1030 2607 1249 2662 miserationum
1262 2627 1334 2679 quas
1352 2609 1460 2664 nostris
1477 2607 1664 2680 impendistis
1679 2595 1769 2690 {Q

616 2691 742 2746 miseriis
761 2692 905 2746 retribuat
921 2691 1014 2755 vobis,
1040 2709 1108 2746 eum
1132 2691 1242 2747 sederit
1265 2711 1332 2748 eum
1360 2692 1541 2748 senatoribus
1563 2699 1662 2749 terres.
1679 2708 1813 2755 Pinum

615 2777 676 2832 Vos
696 2778 773 2832 onim
804 2778 898 2832 solum
934 2777 1099 2833 invenimus
1137 2779 1188 2850 qui
1212 2779 1350 2849 martyris
1374 2780 1466 2835 nostri
1490 2786 1665 2850 sequeretur
1678 2764 1713 2807 Β·

615 2863 751 2933 vestigia,
765 2870 795 2916 et
813 2880 848 2916 cx
866 2879 963 2916 amore
975 2862 1109 2917 reritrtis
1128 2869 1158 2918 et
1172 2863 1305 2934 justitia,
1320 2882 1436 2918 causam
1455 2863 1511 2918 Dei
1530 2869 1665 2920 tueretur

615 2952 646 3001 et
663 2946 802 3001 ecelesias.
838 2945 922 3000 Unde
941 2947 1089 3001 sanctitati
1112 2953 1227 3012 vestrae,
1248 2947 1295 3002 cui
1323 2948 1401 3003 ultra
1425 2947 1662 3019 possibilitatem,

616 3029 667 3085 sed
685 3048 741 3085 non
759 3029 838 3085 ultra
855 3029 1044 3094 voluntatem,
1058 3035 1202 3095 tenemur,
1217 3031 1243 3087 si
1262 3031 1428 3087 sincerioris
1442 3050 1520 3086 auria
1539 3031 1664 3103 spiritus

614 3116 697 3170 nobis
715 3114 871 3186 aliquando
888 3115 1072 3186 aspiraverit,
1095 3115 1294 3171 desideramus
1315 3115 1498 3188 respondere.
1536 3115 1666 3172 Verum·

448 3195 566 3291 Qffin
577 3251 601 3293 to
615 3207 711 3255 tamen
732 3198 809 3271 quod
827 3199 857 3253 in
878 3198 961 3254 nobis
986 3217 1021 3254 ex
1038 3199 1157 3271 pietatis
1175 3205 1205 3255 et
1225 3200 1348 3271 justitias
1373 3200 1523 3272 incepistis
1543 3200 1660 3266 affeetu,

446 3299 589 3343 mutinucto
612 3286 720 3341 intuitu
739 3284 795 3338 Dci
813 3292 843 3339 ct
859 3283 939 3338 beati
959 3285 1097 3355 martyris
1116 3285 1243 3350 Thomas,
1264 3303 1356 3356 usque
1375 3286 1406 3340 in
1423 3286 1509 3340 finem
1527 3303 1665 3356 persevc-

445 3353 536 3443 l'lssmwf‘
612 3376 710 3425 rantes
740 3369 863 3440 dignum
895 3368 1054 3440 perducere
1081 3388 1138 3424 non
1168 3368 1367 3442 dedignemini
1393 3370 1431 3424 ad
1456 3369 1600 3435 effectum,
1632 3379 1665 3426 ct

613 3474 686 3524 qiios
705 3460 784 3509 tanto
802 3454 953 3524 eripuistis
972 3472 989 3507 a
1006 3454 1170 3525 naufragio,
1191 3461 1346 3525 antequam
1364 3455 1401 3509 ad
1424 3461 1540 3526 portum
1558 3473 1663 3525 pervc-

612 3540 701 3601 niant,
722 3537 832 3591 undoso
860 3557 895 3591 ne
920 3539 1071 3608 patiamini
1092 3539 1253 3610 periclitari
1279 3540 1309 3593 in
1327 3540 1441 3610 pelage.
1477 3539 1577 3595 Vitam
1597 3559 1663 3595 ves·

612 3632 688 3678 tram
712 3630 742 3676 ct
766 3622 1003 3688 incolumitatem,
1030 3623 1068 3677 ad
1095 3623 1324 3679 sublevationem
1350 3625 1481 3678 ecclesius
1519 3624 1585 3678 Suro
1613 3627 1660 3680 cui

612 3707 765 3761 subvenire
800 3707 982 3771 decrevistis,
1012 3715 1164 3764 conservet
1200 3708 1466 3763 misericordiarum
1504 3708 1659 3774 Dominus,

612 3799 694 3862 pater
713 3790 912 3844 dilectissime.

481 4040 573 4133 iiiii
747 4038 832 4092 CXC.
871 4039 1018 4092 Cunissrr
1037 4037 1198 4102 Hernicus,
1219 4050 1295 4091 rins
1313 4054 1369 4093 nux
1388 4039 1516 4093 Arent.

646 4183 689 4235 lix
710 4201 766 4252 quo
785 4200 836 4251 per
856 4182 980 4251 grai-iam
1002 4182 1057 4235 Dei
1083 4182 1246 4252 accepimus
1273 4183 1391 4252 signum
1415 4183 1520 4246 crucis
1541 4201 1661 4253 operam

470 4269 569 4343 rosera
611 4267 744 4321 dedimus
764 4266 945 4335 diligentem,
966 4285 1067 4336 pacem
1093 4267 1122 4319 in
1144 4266 1278 4320 omnibus
1296 4267 1384 4320 terris
1403 4267 1510 4321 nostris
1529 4273 1661 4322 statuere

444 4332 556 4384 Therme
611 4353 640 4405 iu
659 4354 781 4405 firmam.
820 4351 903 4404 Unde
920 4369 985 4406 cum
1005 4351 1035 4404 in
1054 4351 1178 4405 eeclesia
1191 4350 1402 4413 Cantuariensi‚
1424 4370 1489 4421 rrum
1507 4358 1554 4406 est
1571 4361 1661 4422 eaput

443 4384 480 4424 ins
548 4382 550 4385 ¹
569 4398 588 4425 to

466 4385 597 4485 >domilbllh0
610 4444 639 4491 et
657 4436 752 4506 gloria
769 4435 854 4506 regni
872 4436 974 4500 nostri,
994 4435 1116 4489 consilio
1134 4434 1335 4505 episcoporum
1348 4441 1378 4489 et
1389 4441 1558 4505 magnatum
1572 4442 1661 4491 terrm

444 4490 580 4594 didicero
609 4539 710 4592 pacem
739 4520 880 4575 vellemus
907 4520 982 4574 inter
1011 4518 1227 4573 sanctissimum
1255 4526 1368 4589 patrem
1395 4525 1527 4574 nostrum
1553 4520 1660 4575 Balde·

443 4587 575 4680 }ffi‘g'ssffl
609 4607 717 4661 viuum
744 4605 982 4659 Cantuariensem
1010 4603 1261 4674 arehiepiscopum
1289 4610 1319 4657 et
1346 4605 1500 4658 monachos
1527 4604 1660 4675 ejusdem

442 4687 584 4782 iiiiii31¹¹¹⁰
609 4691 740 4745 ecclesiia
758 4707 922 4760 procurare,
943 4689 1082 4759 prmsatus
1101 4687 1336 4758 archiepiscopus
1355 4689 1477 4743 fimniter
1495 4707 1660 4759 proponens

542 4753 587 4793 ¹⁰p'
610 4776 684 4832 velle
711 4793 742 4828 se
767 4774 803 4827 iis
829 4791 893 4828 csse
921 4778 1088 4827 contentum
1113 4791 1186 4842 qum,
1207 4791 1301 4842 usque
1328 4772 1366 4826 ad
1389 4779 1520 4843 tempora
1539 4774 1658 4830 Rieardi

611 4862 828 4919 cantuariensis
848 4860 1057 4930 archiepiscopi
1080 4861 1130 4930 qui
1150 4861 1307 4915 novissime
1327 4861 1367 4914 ibi
1387 4861 1472 4924 sedit,
1492 4880 1592 4917 omncs
1612 4865 1660 4918 sui

609 4956 805 5003 aiitccessores
836 4945 1013 5008 habueraut;
1042 4944 1078 4998 de
1106 4946 1240 5000 omuibus
1270 4947 1476 5001 controversiis
1506 4947 1583 5001 inter·
1607 4966 1659 5003 eos

609 5033 726 5095 habitis,
745 5030 858 5099 judicio
877 5028 938 5082 sive
956 5029 1077 5082 consilio
1095 5029 1225 5084 omnium
1242 5029 1444 5100 episcoporum
1466 5037 1553 5101 sitque
1571 5031 1659 5087 abba·

609 5123 671 5174 tum
690 5122 776 5170 terrm
794 5112 945 5168 humiliter
964 5130 997 5166 ae
1021 5112 1124 5168 devote
1150 5132 1182 5168 se
1205 5114 1321 5178 obtulit,
1348 5121 1378 5169 ct
1400 5132 1502 5169 sorum
1520 5133 1553 5170 so
1577 5123 1657 5172 stare
