4192 6392
728 1196 887 1246 rsurona
911 1196 1114 1245 snnorwmr.
1404 1181 1446 1251 75

396 1371 566 1436 argumenta
585 1366 791 1436 conspicimus,
813 1383 878 1434 quas
899 1365 924 1418 si
944 1364 1060 1430 fallunt,
1084 1364 1177 1434 culpae
1196 1369 1302 1418 nostrin
1323 1380 1381 1418 non
1394 1368 1448 1418 est-
1482 1362 1603 1407 A·D·¹1⁸⁷·

396 1449 476 1504 Unde
494 1469 634 1521 rogamus
657 1458 810 1521 quatenus,
830 1450 909 1504 omni
928 1449 1068 1504 dilatione
1087 1455 1117 1503 et
1135 1449 1285 1504 occasione
1307 1454 1449 1512 cessante,
1466 1438 1597 1539 {321¹wa

396 1535 475 1589 nobis
501 1534 589 1589 citius
617 1552 669 1605 per
697 1535 836 1588 nuncium
860 1540 993 1588 nostrum
1022 1532 1234 1604 respondeatis,
1257 1533 1306 1602 qui
1331 1537 1362 1587 et
1381 1549 1451 1602 quo·
1465 1539 1592 1611 etampes

397 1618 478 1673 modo
490 1637 558 1673 eum
571 1618 702 1674 secuturi
721 1619 787 1672 sint.
816 1617 955 1672 Securius
975 1618 1053 1671 enim
1072 1622 1116 1672 est
1135 1635 1202 1673 cum
1215 1615 1381 1671 obedientia
1399 1632 1451 1685 pro
1465 1589 1561 1683 ἓξὲξ

399 1701 513 1758 Christo
525 1703 610 1767 mori,
625 1720 713 1773 quam
726 1707 834 1756 temere
847 1702 978 1773 accipere
992 1701 1070 1771 quod
1089 1720 1176 1757 suum
1188 1719 1245 1755 nou
1258 1706 1311 1756 est.
1333 1700 1450 1754 Fratres
1464 1714 1562 1775 sonno!

397 1787 485 1841 nostri
505 1786 654 1841 Johannes
674 1793 705 1841 et
721 1786 866 1841 Radullus
891 1785 978 1839 citius
997 1785 1116 1841 venient
1139 1785 1176 1841 ad
1200 1803 1262 1849 vos,
1282 1801 1335 1839 nec
1353 1789 1452 1838 tamen
1465 1764 1621 1875 ffiffi‘ml

399 1869 460 1924 illos
479 1877 613 1942 expectet
637 1870 760 1925 nuncius
785 1876 891 1925 vester.
944 1869 1014 1924 Sani
1037 1888 1140 1926 sumus
1164 1875 1195 1926 et
1218 1867 1379 1925 incolumes
1397 1865 1594 1959 filiifflltffig

398 1955 494 2009 vestri.
533 1953 640 2010 Valeat
657 1972 772 2025 sempor
790 1953 950 2024 paternit-as
970 1959 1077 2008 vestra.
1465 1977 1515 2020 var
1524 1966 1589 2011 back

496 2200 559 2258 XC.
598 2203 766 2258 convesrsi
786 2201 1003 2257 Crurummrsr
1022 2217 1148 2256 ranrnss
1166 2217 1203 2256 nr
1222 2201 1353 2259 Vssosn.
1495 2203 1614 2307 mute·

432 2324 613 2380 Nuneiamus
637 2341 787 2396 prospera,
817 2341 851 2378 eo
877 2323 955 2394 quod
974 2328 1083 2379 statum
1108 2323 1197 2378 euriae
1228 2323 1327 2378 stabili
1357 2321 1452 2391 gradu
1465 2343 1604 2389 mmm

400 2409 601 2464 invenerimus.
638 2409 782 2464 Dominus
801 2407 879 2462 enim
898 2426 974 2479 papa
994 2426 1012 2463 a
1026 2407 1145 2480 justitia
1163 2413 1193 2461 et
1210 2407 1334 2462 veritate
1352 2411 1453 2461 nostra
1464 2395 1596 2489 'ggggnin-

402 2493 505 2548 tuenda
530 2512 588 2548 non
613 2493 708 2548 resilit
727 2510 780 2547 uec
798 2492 929 2547 resistit:
957 2492 1008 2547 sed
1026 2498 1166 2562 tanquam
1184 2509 1273 2563 rupes
1291 2489 1451 2545 immobilis
1464 2496 1574 2541 sormthe

401 2583 427 2632 et
443 2583 524 2633 tanta
542 2582 600 2633 stat
618 2582 648 2632 et
666 2577 760 2631 adhuc
779 2582 949 2648 perseverat
966 2576 1141 2640 constantia,
1161 2580 1195 2631 ut
1213 2593 1302 2647 super
1319 2575 1366 2631 his
1386 2548 1620 2650 quaet⁰fl¹0¹vssii¹1iet¹¹⁸⁸t

400 2663 478 2718 nobis
502 2661 565 2732 jam
592 2662 705 2717 indulta
730 2667 807 2726 suut,
828 2679 860 2716 se
884 2660 957 2715 nihil
983 2666 1174 2725 mutaturum,
1204 2678 1302 2716 coram
1321 2647 1524 2744 ‘1¹¹⁰fib0liiiii1

399 2753 560 2802 constanter
590 2746 704 2802 asserit.
749 2744 870 2813 Quoties
897 2744 1016 2815 quidem
1043 2744 1075 2797 in
1095 2744 1164 2814 jure
1190 2749 1312 2809 stamus,
1338 2731 1571 2813 prostatbothrn’

400 2837 426 2886 at
454 2832 519 2902 agit
543 2848 577 2886 ac
611 2831 637 2885 si
664 2835 762 2885 vester
789 2830 872 2885 vobis
904 2828 1148 2899 diligentissimus
1176 2834 1255 2883 esset
1281 2800 1599 2904 advoams.l,}¹b,¹,¹1‘t:l¹,‘¹

372 2970 375 2976 ,
401 2913 472 2969 Cum
485 2914 623 2970 etiamad
635 2931 702 2968 eum
716 2914 857 2969 secretius
870 2912 1046 2977 accedimus,
1061 2919 1212 2968 monentes
1225 2916 1259 2968 ut
1267 2910 1452 2968 indemnitati

400 2998 527 3053 ecclesiae
547 2997 699 3068 provideat
729 3002 759 3052 et
777 2997 827 3068 jus
855 2997 919 3067 ejus
948 2996 1094 3052 illibatum
1112 3001 1273 3062 conservet,
1300 3013 1353 3051 nos
1385 3014 1452 3051 eum

399 3088 507 3137 tentare
526 3082 581 3137 sub
602 3081 759 3153 supercilio
772 3081 903 3152 graviori
916 3081 1026 3150 objicit,
1046 3086 1195 3153 tanquam,
1216 3081 1286 3153 quia
1304 3079 1341 3136 de
1358 3080 1453 3152 ipsius

400 3163 559 3221 constantia
590 3164 726 3219 haesitare
756 3164 919 3230 videamur,
952 3165 1134 3220 molestatus.
1184 3163 1302 3219 Domini
1333 3163 1453 3235 quidem
1465 3180 1593 3226 memmi.

400 3249 559 3304 cardinales
578 3249 609 3302 iu
627 3254 765 3304 consueta
783 3252 813 3303 et
831 3248 914 3303 nobis
934 3250 1144 3319 compromissa
1168 3249 1321 3303 devotione
1339 3265 1453 3320 perma·
1464 3232 1567 3327 ffimffi

400 3338 466 3388 nent
484 3339 515 3389 et
533 3331 682 3396 fidelitate,
697 3339 727 3387 et
738 3333 800 3386 lero
813 3349 922 3398 omnes,
943 3338 977 3387 ut
994 3332 1176 3402 conjicimus,
1190 3332 1318 3403 negotiis
1336 3348 1451 3403 promo·

399 3417 499 3472 vendis
517 3416 672 3472 intendunt
689 3422 720 3471 et
743 3416 893 3472 insistunt.
930 3415 1015 3470 Unde
1034 3421 1080 3471 est
1098 3416 1176 3486 qued
1193 3434 1282 3472 causa
1299 3422 1399 3472 vestra
1420 3417 1452 3470 in

397 3500 455 3570 jam
480 3500 553 3556 actis
583 3516 752 3572 processum
779 3500 883 3556 habuit
907 3499 945 3555 ad
968 3506 1107 3571 optatum,
1138 3506 1168 3555 et
1190 3499 1312 3571 agendis
1339 3501 1453 3556 laetiora

402 3603 551 3656 speramus
563 3590 594 3641 et
611 3591 796 3656 expectamus
809 3585 932 3640 meliora
945 3585 974 3638 in
987 3585 1060 3640 dies.
1088 3585 1207 3640 Fratres
1221 3586 1340 3655 quidem
1358 3585 1451 3641 nostri
1465 3599 1527 3644 John
1536 3601 1583 3645 md

402 3669 418 3723 J
419 3671 546 3725 ohannes
565 3676 595 3724 et
613 3669 766 3733 Radulfus,
781 3669 842 3724 sole
855 3670 916 3723 sero
928 3669 966 3723 ad
984 3687 1120 3725 occasum
1134 3668 1278 3725 declinato
1291 3670 1327 3725 ad
1339 3670 1450 3725 curiam
1464 3652 1620 3748 ffilgffi

400 3755 577 3819 accedentes,
591 3761 657 3808 ante
676 3771 810 3809 occasum
829 3755 948 3809 fuerunt
965 3754 1101 3819 absoluti,
1116 3754 1141 3808 si
1160 3760 1259 3809 tamen
1270 3754 1450 3820 absolvendi,
1465 3753 1574 3848 wlff?

401 3855 431 3891 eo
449 3838 527 3909 quod
545 3843 611 3907 post
629 3838 716 3892 toties
735 3837 900 3892 innovatam
924 3844 955 3893 et
978 3837 1096 3893 taudem
1114 3857 1167 3909 pro
1186 3838 1229 3893 eis
1248 3838 1320 3909 ipsis
1344 3841 1452 3894 laetam
1464 3815 1525 3849 m

400 3921 629 3992 appellationem,
649 3922 709 3975 lata
726 3922 756 3975 iu
775 3940 824 3977 eos
843 3923 938 3977 fuerat
956 3923 1109 3978 sententia.
1145 3922 1207 3978 Nos
1221 3922 1339 3992 quidem
1357 3942 1451 3994 usque

403 4005 551 4063 haerebis
571 4006 698 4061 seribere
711 4005 891 4071 distulimus,
905 4007 937 4060 in
949 4007 1069 4062 incertis
1088 4025 1145 4062 non
1164 4007 1344 4064 invenientes
1363 4025 1451 4079 super

401 4109 455 4165 quo
473 4090 710 4155 certificaremus,
731 4092 782 4145 sed
801 4092 905 4146 fratres
924 4092 1015 4147 nostri
1034 4091 1238 4163 praenominati
1257 4093 1450 4163 quamcitius

402 4173 478 4230 Deus
495 4175 618 4239 dederit,
639 4182 801 4245 expectant,
822 4182 855 4229 ut
875 4194 939 4246 qum
962 4176 1025 4246 jam
1048 4176 1101 4230 diu
1119 4177 1346 4247 expectavimus,
1367 4176 1450 4230 robis

401 4260 526 4329 gratiora
543 4266 700 4328 reportent.
739 4259 899 4315 Recessum
918 4259 1027 4315 domini
1039 4278 1123 4331 papae
1142 4279 1159 4315 a
1177 4261 1294 4318 Verona
1306 4261 1451 4316 maturius
1464 4264 1593 4316 Pooplem

402 4343 585 4413 ‹pramplures
619 4342 785 4413 praedicant.
831 4342 915 4398 Unde
942 4344 1003 4413 qui,
1030 4345 1055 4398 si
1083 4351 1180 4399 tamen
1207 4344 1310 4415 aliqui,
1340 4346 1452 4400 curiam
1464 4314 1591 4417 iiliiffi

401 4427 536 4491 secuturi,
558 4426 645 4496 quive
664 4425 787 4481 redituri
806 4426 872 4490 sint,
893 4425 929 4480 de
948 4428 1069 4483 consilio
1088 4434 1119 4483 et
1135 4446 1279 4485 consensu
1297 4428 1403 4499 prioris
1423 4415 1567 4510 &iiiiii

401 4518 505 4575 vestro,
529 4516 705 4580 expectatur.
743 4510 806 4565 Nos
825 4529 910 4565 sanos
935 4517 964 4564 et
988 4512 1148 4567 incolumes
1166 4512 1318 4582 hucusque
1337 4530 1452 4568 conser-

401 4594 478 4649 vavit
496 4593 656 4649 Dominus:
678 4612 766 4664 super
785 4595 983 4650 incolumitate
996 4602 1095 4652 vestra
1113 4614 1197 4667 reque
1215 4615 1249 4651 ac
1267 4602 1367 4654 nostra
1385 4617 1450 4653 con·

402 4677 589 4745 gratulantes,
616 4683 646 4731 et
676 4696 729 4748 pro
760 4678 922 4733 constantia
946 4683 1044 4734 vestra
1074 4679 1199 4735 maxime
1230 4680 1451 4753 magnificantes

402 4759 565 4816 Dominum.
604 4761 640 4814 In
668 4778 703 4816 ea
730 4763 807 4816 enim
826 4769 857 4818 et
874 4762 1040 4819 humilitate
1060 4770 1090 4821 et
1113 4765 1243 4822 oratione
1262 4766 1287 4821 si
1312 4766 1451 4822 steteritis

400 4862 464 4900 eum
482 4847 706 4916 perseverantia,
727 4846 876 4902 evincetis.
927 4846 1083 4903 Deiectum
1101 4848 1179 4904 enim
1197 4849 1229 4903 iu
1246 4867 1336 4905 eausa
1353 4856 1452 4905 vestra

399 4946 453 4984 non
472 4931 620 4995 timemus,
635 4930 692 4985 nisi
711 4937 741 4986 et
752 4949 804 4986 vos
823 4932 905 5001 prius
920 4932 1096 4998 defeceritis,
1111 4939 1145 4988 ut
1158 4934 1221 5005 Jam
1239 4934 1451 5005 multiplicibus

399 5015 644 5085 praeconcepimus
663 5016 854 5086 argumentis.
899 5015 984 5085 Quod
1002 5017 1108 5074 Petrus
1126 5017 1276 5073 Blesensis
1294 5019 1326 5073 iu
1344 5018 1451 5089 spiritu
1463 4994 1620 5092 {fssffimg

400 5102 477 5157 tento
495 5098 589 5165 affuit,
609 5103 639 5155 et
656 5099 734 5172 quod
751 5105 851 5159 contra
862 5118 915 5159 vos
933 5101 1091 5173 anglicani
1112 5101 1293 5174 scripserunt
1310 5102 1449 5177 episcopi,
1463 5096 1620 5202 ffiffiu
