4192 6392
600 1179 666 1246 418
884 1180 1058 1234 nrisroas
1080 1174 1368 1239 esurunmansas,

452 1529 574 1576 annes
677 1508 893 1568 ccccnvssl.
931 1506 1094 1562 Ocmvmro
1113 1505 1247 1561 Osrransr
1266 1518 1397 1559 srrscoro
1416 1502 1586 1559 Corma-rus

474 1582 559 1684 ιιιῖιι
1012 1590 1250 1646 Csrmmrrssrs.
1310 1633 1321 1665 s

439 1773 594 1821 rhoeanvent
643 1757 719 1828 Quia
756 1756 883 1823 filiarum
921 1752 1032 1826 injuria
1067 1753 1157 1808 matri
1190 1753 1335 1808 redundat
1371 1753 1404 1807 in
1439 1749 1661 1813 contumeliam,

439 1837 579 1921 mo&
606 1843 714 1899 merito
744 1845 845 1896 sancta
874 1838 1007 1895 Romana
1036 1839 1162 1894 ecclesia
1195 1838 1357 1910 spiritualis
1389 1843 1419 1892 et
1448 1836 1561 1892 dovotm
1591 1815 1664 1890 filiae

439 1926 596 2020 *iffisssshffl
608 1925 828 1984 Cantuaricusis
847 1923 978 1979 eoelesiae
997 1922 1206 1978 desolationem
1223 1923 1327 1978 nititur
1345 1938 1490 1978 amovere.
1529 1919 1548 1974 J
1550 1920 1664 1975 ustrtrse

440 1989 571 2072 idoneis
609 2011 688 2067 euim
713 2009 804 2072 zelus,
825 2008 876 2078 qui
902 2007 992 2063 animi
1009 2008 1102 2063 vestri
1127 2013 1189 2064 mot
1189 2025 1225 2062 us
1250 2008 1330 2079 regit
1356 2012 1387 2062 et
1413 2004 1591 2069 moderatur,
1619 2003 1664 2059 sic

440 2078 547 2177 affige&
611 2094 752 2167 subjectis
776 2094 903 2165 imperat
920 2098 950 2148 et
976 2092 1106 2165 proelatis
1132 2092 1323 2165 obtemperat,
1351 2092 1444 2147 utin
1460 2109 1519 2145 una
1535 2108 1665 2163 persona

610 2179 773 2252 perfectum
802 2176 898 2232 filium
928 2175 1101 2232 obedientias
1129 2182 1159 2232 et
1182 2177 1276 2250 plenae
1306 2177 1484 2232 maturitatis
1514 2179 1664 2247 pastorem

610 2264 754 2319 exhibeat.
792 2261 936 2318 Dominus
963 2279 1089 2333 namquo
1110 2279 1194 2334 papa,
1218 2263 1362 2317 sententia
1386 2279 1439 2333 pro
1458 2259 1665 2316 cantuariensi

610 2347 735 2404 ecclesia
763 2352 864 2402 contra
893 2347 975 2402 illam
1004 2347 1095 2402 tetius
1125 2347 1196 2400 mali
1225 2345 1377 2402 materiam
1412 2346 1482 2409 lata,
1519 2344 1666 2416 capellam

610 2430 748 2488 videlicet
775 2431 811 2486 de
829 2431 967 2495 Lamhee,
987 2437 1085 2486 vestro
1110 2448 1253 2486 consensu
1271 2436 1301 2486 et
1319 2430 1440 2486 consilio
1462 2434 1616 2501 procurata
1634 2436 1667 2484 et

611 2517 755 2580 roborate,
769 2516 885 2588 plenius
904 2533 973 2571 sane
985 2516 1221 2586 intelligentibus
1240 2514 1386 2579 edisserit,
1402 2520 1510 2586 quanta
1527 2513 1567 2569 sit
1578 2514 1665 2568 vobis

612 2602 643 2657 in
662 2601 784 2657 consilio
802 2600 950 2666 discretio,
968 2606 999 2656 et
1015 2601 1046 2655 in
1065 2618 1167 2656 eorum
1186 2619 1250 2673 qum
1268 2605 1349 2656 recte
1367 2600 1441 2655 fiunt
1458 2599 1664 2671 prosecutione

445 2689 590 2744 msytmnk
613 2685 787 2741 obedientia.
826 2684 1045 2740 centuariensis
1071 2685 1171 2756 itaque
1197 2684 1321 2740 ecclesio
1338 2701 1399 2755 prm
1424 2684 1538 2739 caeteris
1556 2689 1666 2738 vestrm

445 2743 571 2844 &flmtffi'gso
614 2770 762 2827 sanctitati
781 2769 946 2864 gratiarum
963 2770 1092 2824 actiones
1111 2768 1262 2841 persolvit,
1292 2786 1324 2823 se
1343 2768 1426 2823 vobis
1447 2773 1539 2823 totam
1557 2766 1666 2822 debere

446 2844 600 2945 {munim
614 2856 731 2919 fatetur,
750 2853 849 2909 inhoc
866 2853 992 2907 maxime
1010 2853 1192 2925 perpendens
1204 2871 1257 2908 vos
1276 2852 1488 2908 omnimodis
1463 2870 1526 2924 ejus
1546 2851 1667 2908 studere

446 2945 560 2988 mdoem·
613 2939 789 3003 liberaticni‚
804 2937 1135 3010 quodtamdiligenter,
1148 2943 1210 2992 tam
1228 2938 1384 2993 affectuose
1396 2937 1545 2993 dommum
1563 2955 1668 3009 regem
1681 2941 1810 2989 Necocali

447 2995 561 3139 {ff
500 2997 594 3149 maga.
614 3022 820 3094 Angliaead
794 3040 858 3094 eJus
876 3039 979 3094 pacem
997 3026 1029 3076 et
1046 3021 1175 3094 quietem
1193 3022 1332 3078 inducere
1351 3022 1515 3078 studuistis
1553 3021 1668 3079 Verum

448 3096 596 3190 mtolho
617 3109 687 3180 quia
710 3107 851 3180 perpauci
885 3113 962 3171 sunt,
983 3107 1035 3175 qui
1063 3124 1094 3162 se
1121 3124 1239 3161 murum
1263 3125 1318 3179 pro
1343 3105 1428 3162 domo
1455 3107 1549 3161 Israel
1574 3108 1670 3164 velint
1684 3114 1754 3160 Ezek
1762 3113 1806 3159 xiit

448 3208 507 3249 rora
514 3199 604 3250 minat
616 3210 770 3264 opponere,
791 3209 891 3247 omnes
908 3191 969 3245 fere
987 3191 1117 3263 episcopi
1135 3196 1166 3246 et
1181 3192 1301 3247 abbates
1313 3192 1430 3264 Anglim
1442 3191 1479 3246 ad
1496 3191 1669 3289 petitionem

449 3248 520 3292 “mh
616 3275 708 3350 patris
727 3276 847 3332 nostri
838 3294 871 3329 m
894 3293 947 3330 nos
966 3275 1164 3346 insurgentes,
1184 3294 1238 3347 pro
1263 3276 1377 3348 capella
1400 3282 1431 3331 et
1456 3277 1603 3331 canonicis
1632 3277 1670 3332 de

617 3362 745 3416 Lamhce
764 3361 881 3415 domino
898 3377 991 3431 papae,
1012 3365 1112 3415 contra
1129 3378 1182 3415 nos
1195 3366 1225 3415 et
1243 3361 1397 3416 ecclesiam
1416 3360 1668 3426 Cantuariensem,

619 3445 748 3501 scribere
778 3463 837 3499 non
863 3449 1009 3507 metuunt,
1041 3444 1138 3515 magis
1168 3450 1292 3500 terreum
1322 3446 1460 3516 potestati
1492 3445 1668 3510 deferentes,

619 3549 707 3601 qutun
733 3530 840 3583 divium
871 3528 1027 3598 displicere
1059 3528 1268 3593 formidantes;
1300 3530 1342 3584 ita
1368 3531 1454 3584 etiam
1485 3536 1519 3584 ut
1549 3530 1670 3600 quidam

618 3616 748 3687 episcopi
767 3620 867 3668 contra
884 3614 1054 3667 mandatum
1073 3613 1183 3667 domini
1196 3632 1287 3684 papm,
1302 3633 1338 3667 ne
1358 3615 1492 3669 effectum
1512 3633 1671 3686 conseque-

462 3746 467 3755 .
539 3721 562 3757 ·0.
618 3704 708 3761 retur,
730 3717 796 3751 curn
815 3698 932 3751 domino
951 3697 1169 3768 archiepiscopo
1194 3699 1414 3769 appellaverint.
1454 3700 1528 3754 Sane
1557 3718 1622 3770 qum
1642 3707 1672 3755 ct

619 3788 728 3854 quanta
745 3782 916 3851 gravamina
939 3782 1018 3852 passi
1044 3782 1197 3846 fuerimus,
1218 3782 1322 3837 fratres
1349 3785 1441 3838 nostri
1471 3792 1500 3840 et
1527 3785 1671 3855 seriptum
1686 3792 1806 3839 Nommel.

619 3868 663 3921 rei
682 3872 773 3936 gestie
800 3884 888 3937 penes
913 3884 976 3929 nos,
997 3866 1066 3936 quia
1093 3866 1202 3920 domini
1230 3886 1311 3938 pupas
1336 3870 1472 3924 mandato
1499 3870 1672 3925 renunciare

620 3950 777 4013 noluimus,
801 3956 938 4021 poterunt
965 3950 1080 4020 plenius
1106 3951 1189 4005 vobis
1216 3952 1369 4023 explicare.
1407 3954 1468 4008 Soli
1495 3955 1589 4025 igitur
1608 3954 1673 4009 Deo

621 4040 650 4089 et
678 4041 784 4089 sanctae
803 4034 941 4088 Romarm
972 4035 1103 4089 ccclesiae
1132 4035 1232 4106 inopes
1260 4042 1289 4090 et
1314 4036 1437 4093 desolati
1465 4039 1608 4103 derelicti,
1635 4040 1673 4095 ad

622 4119 741 4172 unicum
759 4125 865 4172 vestrm
884 4118 1073 4188 protectionis
1093 4118 1257 4174 subsidium
1276 4123 1472 4191 confugimus,
1492 4129 1630 4193 rogantes
1644 4134 1674 4179 ct

623 4203 800 4258 obtestantes
826 4219 879 4272 per
897 4202 1015 4256 beatum
1035 4208 1195 4274 martyrem
1215 4204 1363 4269 Thomam,
1385 4208 1436 4277 qui
1459 4225 1511 4278 pro
1535 4207 1673 4263 libertate

455 4291 568 4385 'lllh‘thl-’s
623 4287 754 4343 ecelesias
771 4285 1000 4341 -Cantuuriensis
1030 4288 1061 4340 in
1087 4288 1188 4342 eadem
1219 4289 1364 4353 occubuit,
1393 4298 1534 4361 quotenus
1565 4301 1674 4349 nostrm

456 4355 564 4436 eddium
622 4372 687 4446 psci
706 4378 736 4426 et
753 4371 884 4426 ecclesim
902 4378 1008 4425 nostroe
1026 4372 1209 4428 indemnitati
1229 4375 1382 4444 providere
1410 4376 1560 4441 studeatis
1580 4396 1618 4433 ne
1638 4380 1675 4434 ab

455 4445 585 4539 {ssgffil'l's'rt
623 4458 712 4528 hujus
747 4474 841 4510 causor
872 4457 1074 4527 prosecutione
1105 4457 1179 4512 citra
1208 4458 1295 4512 finem
1333 4459 1464 4515 debitum
1494 4463 1673 4518 subsistatis.

624 4541 829 4596 Machinantur
855 4541 932 4595 enim
951 4540 1081 4595 adversm
1107 4543 1198 4613 partis
1218 4543 1346 4598 fautores
1366 4546 1498 4600 omnibus
1517 4546 1613 4601 modis
1639 4550 1676 4603 ab

625 4626 714 4696 hujus
745 4644 840 4679 cariem
871 4644 922 4679 nos
960 4627 1129 4681 executione
1160 4628 1339 4699 prmpedirc;
1373 4649 1462 4701 quare
1492 4649 1544 4685 nos
1581 4635 1676 4688 nostri

625 4712 757 4766 defectus
771 4711 986 4782 suppletionem
1005 4711 1068 4766 Dec
1087 4718 1116 4765 ct
1129 4719 1210 4768 sanct
1212 4732 1227 4768 o
1198 4713 1359 4768 t'lbomm
1377 4716 1499 4786 martyri
1518 4721 1548 4770 ct
1567 4726 1678 4773 sanctas

625 4801 763 4854 Romame
795 4800 925 4854 ecclesius
960 4801 1079 4855 commit
1081 4801 1180 4855 timus.
1230 4803 1266 4856 In
1295 4804 1430 4858 munibus
1461 4805 1538 4858 enim
1568 4810 1678 4863 vestris

626 4884 846 4939 Centuaricnsis
874 4885 1005 4940 ecclesias
1031 4884 1176 4955 dependet
1194 4887 1329 4942 condit't.10
1365 4886 1470 4945 Vsletc
1498 4905 1614 4960 semper
1650 4893 1680 4946 in

628 4967 763 5025 Domino.
