4192 6392
628 1164 691 1228 154
911 1184 1080 1233 seurota
1102 1183 1388 1242 cnruussrnasns,

478 1356 598 1452 &ginta
628 1353 819 1423 cogitationes
845 1356 1005 1422 hominum,
1032 1362 1064 1412 et
1090 1357 1214 1429 dissipat
1239 1356 1362 1412 consilia
1377 1352 1554 1426 principum,
1574 1349 1808 1458 hujus-Remu

461 1420 615 1524 ᾞΜᾚ
628 1437 708 1491 modi
725 1439 917 1509 cogitationes
935 1447 965 1496 et
982 1441 1104 1497 consilis
1128 1459 1196 1497 curn
1213 1440 1342 1496 voluerit
1366 1438 1484 1494 facilius
1510 1434 1677 1507 dissipabit
1722 1446 1730 1460 ·

460 1521 617 1616 “ffimmffi
628 1521 712 1576 Unde
735 1522 923 1580 dilectionem
947 1532 1075 1581 vestram
1102 1526 1306 1599 premunitum
1330 1541 1395 1580 esse
1422 1521 1623 1578 desideramus
1648 1525 1681 1574 et

460 1584 611 1676 &emnerii
626 1608 836 1677 praemonitam,
866 1609 944 1679 qnod
971 1610 997 1665 si
1023 1611 1192 1680 permiserit
1220 1628 1273 1666 noe
1292 1609 1435 1665 Dominus
1459 1606 1517 1676 Qui
1546 1603 1681 1676 flagellet
1692 1614 1804 1660 Reunia

460 1673 617 1777 {31¹}ssssssssss
627 1707 742 1746 omnem
761 1692 855 1747 filiurn
873 1712 960 1764 quem
980 1695 1096 1767 recipit,
1117 1695 1236 1766 flagello
1253 1693 1444 1765 dispersionis
1463 1689 1619 1762 flagellari,
1641 1706 1679 1744 ue

460 1774 610 1869 {3232ss
627 1772 824 1845 adquiescatis
843 1777 880 1831 ad
897 1778 1065 1849 aliquorum
1077 1779 1256 1844 instantiam,
1270 1779 1356 1851 quasi
1373 1781 1503 1833 nostram
1516 1772 1679 1846 supplendo

461 1873 545 1929 prm,
628 1858 797 1926 absentiam,
818 1861 848 1915 in
872 1863 1026 1918 ecclesiam
1053 1869 1183 1919 nostram
1212 1863 1343 1934 qualibet
1367 1860 1516 1918 occasione
1544 1857 1676 1914 inmoire.

627 1944 757 2001 Possetis
790 1946 867 2000 onim
895 1946 925 2000 id
952 1947 1085 2003 faciendo
1112 1950 1197 2003 famas
1215 1953 1321 2004 vestrm
1348 1963 1489 2018 generare
1514 1942 1677 2007 infamiam,

628 2035 658 2084 ct
687 2028 797 2086 ordinis
824 2031 916 2085 nostri
941 2032 1123 2087 honestatem
1153 2039 1184 2088 ct
1213 2031 1378 2104 opinionem
1409 2030 1574 2101 denigrare.
1610 2025 1679 2082 Non

628 2114 706 2168 enini
735 2115 920 2184 prudentiam
950 2123 1079 2172 vestram
1103 2116 1249 2172 credimus
1280 2118 1416 2188 ignorare
1442 2131 1530 2186 quam
1564 2111 1603 2167 sit
1634 2110 1679 2165 in·

628 2197 791 2263 honestum,
818 2206 848 2255 et
874 2200 952 2254 omni
970 2201 1103 2272 aequitati
1130 2202 1318 2266 conmarium,
1346 2201 1377 2254 in
1401 2199 1526 2254 alienam
1551 2213 1680 2252 messem

627 2283 732 2337 sulcem
756 2284 882 2349 mittere,
911 2292 942 2340 et
966 2284 1044 2356 quod
1072 2304 1157 2340 suum
1182 2304 1240 2340 non
1266 2291 1311 2341 est
1336 2285 1393 2341 sibi
1422 2284 1500 2340 velle
1525 2299 1681 2352 usurpare.

627 2366 777 2423 Noveritis
796 2368 885 2424 etiam
908 2386 962 2424 nos
981 2387 1069 2440 super
1090 2372 1145 2425 hoc
1171 2371 1296 2426 articulo
1321 2369 1487 2442 specialiter
1514 2367 1552 2421 ad
1579 2366 1681 2421 sedem

627 2452 790 2524 appellasse
815 2453 1014 2524 apostolicam,
1046 2462 1149 2510 contra
1175 2455 1307 2526 quamsi
1333 2453 1406 2525 quid
1423 2453 1455 2507 in
1473 2451 1680 2524 praejudicium

459 2543 615 2600 Wshsveap·
626 2544 759 2593 nostrum
783 2538 974 2593 temerarium
992 2539 1178 2611 contingeret
1196 2539 1343 2604 attentari,
1364 2536 1508 2610 quidquid
1533 2536 1570 2591 de
1593 2534 1681 2590 nobis

472 2596 606 2700 110ξὲοῃ
626 2621 777 2692 contingat
787 2640 927 2692 processu
938 2624 1079 2695 temporis
1097 2642 1151 2679 nec
1169 2624 1350 2694 incognitum
1362 2640 1416 2676 nec
1427 2621 1622 2675 incorrectum
1634 2636 1680 2673 re·

460 2697 589 2752 ²¹¹¹¹P⁰l¹¹l
625 2705 817 2777 linqueretur.
857 2708 931 2763 Sane
945 2709 1014 2779 quia
1025 2727 1079 2779 pro
1091 2708 1228 2764 libertate
1240 2708 1372 2763 ecclesias
1390 2704 1550 2779 epatribus
1568 2703 1680 2759 nostris

625 2791 704 2848 docti
723 2811 824 2848 sumus
842 2791 992 2858 dimicare,
1013 2799 1043 2848 et
1055 2791 1213 2864 dignitates
1227 2798 1257 2848 et
1271 2793 1340 2863 jura
1356 2809 1414 2846 non
1432 2791 1528 2847 solum
1545 2788 1680 2845 ecclesias

625 2882 732 2932 nostras
751 2876 803 2932 sed
815 2881 846 2932 et
862 2877 952 2932 totius
971 2877 1083 2932 ordinis
1102 2878 1204 2941 nostri,
1219 2896 1284 2947 quae
1303 2877 1368 2932 idco
1386 2876 1483 2932 acrius
1499 2874 1677 2945 impugnan-

625 2962 723 3016 turin
748 2962 854 3033 capi-te,
874 2967 909 3017 ut
933 2961 1049 3017 facilius
1078 2968 1280 3034 expugnentur
1305 2962 1336 3015 in
1361 2960 1511 3023 membris,
1532 2958 1680 3029 elegimus

627 3046 768 3117 sangnine
787 3053 887 3102 nostro
900 3064 1083 3112 conservare,
1098 3053 1128 3101 et
1145 3046 1311 3118 praeliantes
1330 3046 1433 3117 praelia
1450 3061 1552 3099 eorum
1568 3058 1679 3113 ponere

628 3131 739 3186 animas
757 3149 811 3203 pro
829 3131 969 3186 fratribus
995 3130 1113 3186 nostris.
1152 3131 1260 3186 Melius
1283 3136 1328 3186 est
1346 3130 1423 3185 enim
1451 3126 1630 3184 nobismori
1650 3126 1681 3181 in

628 3215 705 3269 bello
731 3234 819 3287 quam
845 3215 946 3270 videre
973 3214 1052 3270 mala
1077 3215 1174 3288 gentis
1204 3221 1312 3271 nostran
1342 3222 1373 3270 ct
1403 3220 1578 3269 sanctorum.
1615 3211 1681 3267 Vos

629 3299 721 3371 igitur
750 3306 842 3355 estote
869 3300 927 3353 riri
955 3302 1055 3363 fortes,
1082 3318 1172 3371 prope
1203 3301 1281 3355 enim
1312 3305 1358 3354 est
1384 3299 1536 3362 Dominus,
1561 3303 1591 3351 et
1620 3295 1683 3351 cito

627 3384 805 3439 revelabitur
825 3384 920 3456 gloria
932 3384 1015 3455 Ejus.
1047 3384 1163 3450 Volote,
1178 3384 1283 3438 fratres
1297 3383 1490 3446 dilectissimi,
1505 3388 1535 3437 et
1552 3381 1680 3453 thymia·

628 3475 706 3524 mata
742 3488 863 3539 procum
901 3469 1046 3525 odorifera
1084 3488 1137 3541 pro
1174 3468 1349 3540 angustiatis
1386 3468 1488 3524 amicis
1528 3465 1680 3522 immolate

628 3554 658 3606 in
677 3561 832 3624 conspectu
852 3554 1009 3608 Altissimi.

629 3705 667 3757 ia
685 3704 801 3757 celerrimis
822 3704 929 3757 iliadum
954 3704 1098 3758 ‹itlisrlihus
1124 3710 1148 3757 rt
1172 3705 1348 3759 (tolerantibus
1375 3703 1474 3759 Sancti
1498 3702 1678 3767 Eutlmuudi,

699 3793 723 3840 ct
742 3788 774 3840 ilo
798 3788 1039 3842 ll'sstmouuetrrio
1059 3794 1082 3842 rt
1104 3789 1136 3842 ilc
1156 3791 1305 3844 (lirratus-ia
1323 3793 1347 3842 et
1366 3789 1436 3843 siliis
1455 3786 1606 3857 pluribus.¹

472 4043 575 4145 5an
584 4099 616 4139 Π.
642 4049 802 4105 Cnxxl'l.
841 4052 957 4105 crinin
975 4067 1063 4105 nilico
1084 4055 1247 4107 tisernitius
1266 4067 1401 4107 surrmon
1422 4053 1659 4107 Ceixrusninssrs.

463 4216 573 4278 unsrun
667 4204 837 4259 Sanctitatis
874 4210 980 4260 vestrm
1014 4206 1195 4261 excellentiae
1233 4225 1353 4279 corpore
1388 4217 1417 4262 et
1452 4207 1548 4262 animo
1582 4208 1679 4261 refero
1693 4217 1808 4280 spalatin

464 4270 608 4369 {fffffflff
630 4289 767 4354 actioncS,
788 4289 910 4360 quiade
929 4290 1066 4345 thesauro
1091 4291 1219 4346 scientia¹
1248 4298 1277 4346 ot
1305 4292 1454 4362 sapientias
1477 4302 1583 4346 vestire
1606 4292 1680 4346 mihi
1692 4273 1781 4313 ”¹⁸⁵²

463 4369 604 4473 Qosshghy
630 4393 705 4430 nova
723 4382 752 4431 et
772 4381 878 4438 vetera,
906 4387 936 4430 et
963 4394 1051 4447 super
1078 4376 1124 4430 his
1151 4377 1186 4430 dc
1215 4377 1320 4447 quibus
1348 4395 1452 4441 semna,
1481 4377 1628 4431 subtiliter
1651 4383 1680 4431 ct

463 4471 591 4514 liehanos
630 4461 776 4530 sapienter
803 4460 988 4531 respondisti.
1027 4461 1236 4516 Verumtamen
1263 4462 1341 4531 (pund
1368 4463 1404 4516 ad
1423 4463 1602 4516 vocationem
1629 4461 1679 4516 do·

461 4523 617 4625 {ffffiggp
630 4546 702 4598 mini
720 4545 931 4616 archiepiscopi
960 4546 1096 4599 continuo
1124 4565 1181 4599 non
1208 4548 1326 4609 accessi,
1347 4565 1399 4617 por
1426 4564 1473 4600 nic
1499 4565 1555 4600 non
1577 4547 1677 4611 stetim

462 4635 608 4719 {lfflffhfl
629 4649 681 4684 nce
700 4630 773 4684 mihi
791 4631 907 4684 omnino
928 4631 1128 4706 imputabitur,
1149 4630 1200 4685 scd
1219 4632 1261 4685 rei
1281 4631 1388 4686 veritas
1408 4638 1437 4685 ct
1455 4649 1542 4685 causa
1560 4632 1630 4686 sacti
1649 4632 1680 4685 in

462 4736 566 4776 seseme-
629 4715 695 4769 lucc
722 4724 752 4769 ct
778 4734 835 4769 non
865 4717 895 4768 iu
927 4716 1053 4769 tenebris
1079 4734 1176 4770 cora-m
1207 4717 1353 4786 surpuitatis
1380 4715 1480 4786 judice
1511 4716 1677 4772 ventiletur.

461 4776 615 4872 {fflffii'gnt
629 4800 697 4872 lpso
727 4801 805 4855 enini
834 4807 908 4854 testo
935 4799 989 4867 Qui
1016 4799 1097 4855 venit
1128 4801 1295 4856 absconditu
1325 4798 1527 4871 [illuniinarc],
1559 4807 1805 4873 paratuslcor.ir.

464 4876 579 4928 (Gervnsc,

463 4930 529 4978 1517.)

665 5032 669 5058 ¹
689 5032 819 5094 Sampson,
831 5030 906 5078 abbot
918 5028 947 5077 os
955 5029 980 5078 S.
992 5028 1129 5088 lddmunds,
1178 5028 1289 5089 minster,
1305 5034 1448 5080 1176-1191
1462 5052 1469 5088 ;
1487 5032 1528 5080 the
1545 5033 1640 5098 abbacy
1653 5035 1682 5084 of

633 5115 776 5159 lisa-1211
793 5130 799 5168 ;
812 5109 917 5168 Walter,
926 5108 1038 5159 abbatos
1045 5108 1128 5159 West·
1178 5109 1351 5174 Glastoubury
1362 5126 1413 5159 was
1424 5119 1521 5160 vacant.
