4192 6392
620 1169 685 1232 4³8
903 1181 1076 1232 nrisrocn
1098 1181 1389 1243 ceurennrausns

469 1366 592 1413 mnes.
621 1356 701 1427 piam
731 1355 836 1427 geritis
868 1355 1106 1412 sollicitudinem.
1156 1354 1251 1422 Unde,
1277 1354 1347 1427 quia
1378 1373 1414 1412 ex
1443 1356 1679 1429 procedentium

482 1419 581 1521 Jffi
623 1441 800 1496 exhibitione
813 1441 957 1496 bonomm
973 1440 1091 1512 plenam
1110 1440 1146 1496 de
1165 1441 1263 1513 gretia
1279 1446 1379 1496 vestra
1401 1447 1588 1513 reportamus
1600 1443 1679 1499 fidu·

624 1524 709 1588 ciem,
728 1526 918 1580 necessitates
936 1529 1051 1579 nostras
1070 1531 1100 1580 et
1126 1525 1258 1580 eeclesiae
1276 1528 1382 1579 nosirae
1399 1526 1568 1581 vexationes
1590 1527 1681 1584 vobis

624 1608 816 1664 confidentius
847 1608 983 1663 uiuimus
1012 1608 1213 1673 insinuandas,
1241 1614 1392 1679 sperantes
1422 1627 1440 1663 a
1469 1615 1568 1664 vestra
1594 1610 1681 1666 boni·

624 1698 685 1747 tete
698 1693 857 1748 clementer
874 1709 955 1747 more
969 1693 1054 1748 solito
1067 1693 1208 1760 exaudiri,
1223 1698 1253 1747 et
1271 1698 1420 1764 speratum
1438 1711 1492 1764 per
1510 1712 1562 1749 vos
1577 1711 1681 1767 repor-

453 1792 575 1839 ηοω.
624 1782 688 1832 tere
712 1776 886 1831 subsidium.
926 1777 1053 1833 Noverit
1077 1777 1170 1848 igitur
1194 1777 1366 1832 excellentia
1388 1783 1497 1842 vestra,
1524 1777 1679 1834 dominum

454 1844 582 1938 mffim
625 1865 759 1915 nostrum
776 1861 1028 1933 arehiepiscopum
1047 1861 1078 1915 in
1102 1879 1189 1934 opere
1208 1861 1327 1933 capellae
1346 1861 1382 1916 de
1401 1861 1538 1928 Lamhee,
1559 1863 1681 1918 abonae

454 1907 587 2039 &siim
625 1944 773 1999 memorias
804 1944 971 2000 Beldewino
999 1944 1212 2017 praedecessore
1240 1962 1293 2001 sno
1319 1944 1453 2016 inceptae,
1483 1946 1585 2001 eedem
1612 1965 1682 2019 per-

456 2046 530 2098 aemg
538 2008 579 2088 iii,
626 2027 730 2083 sistere
759 2030 925 2095 voluntate;
958 2046 1047 2102 super
1080 2029 1164 2100 cujus
1197 2029 1385 2084 demolitione
1412 2030 1475 2100 jam
1507 2048 1525 2084 a
1560 2030 1681 2086 domino

455 2096 614 2192 ffl'fflm
625 2118 725 2168 nostro
742 2131 826 2185 papa,
847 2115 978 2185 exemplo
993 2113 1243 2186 praedecessorum
1260 2131 1388 2178 suorum,
1404 2119 1538 2184 suscepto
1557 2114 1681 2186 urgenti

625 2196 770 2262 mandato,
790 2197 866 2252 nihil
883 2198 1000 2253 omnino
1013 2198 1109 2253 fecere
1127 2197 1230 2263 voluit,
1251 2198 1312 2262 sed,
1332 2198 1410 2252 unde
1428 2198 1524 2268 magis
1542 2203 1574 2254 et
1589 2200 1680 2255 vehe-

625 2281 753 2337 mentius
783 2281 951 2354 effligimnr,
980 2282 1130 2338 dominum
1156 2288 1289 2337 nostrum
1314 2299 1416 2354 regem
1443 2282 1600 2338 adversum
1625 2301 1681 2338 nos

625 2371 733 2430 movet,
753 2365 847 2437 ipsius
874 2366 1001 2437 gretiam
1025 2365 1110 2422 nobis
1137 2385 1242 2422 curans
1268 2367 1427 2438 surripere,
1448 2372 1479 2421 et
1496 2367 1561 2437 ejus
1579 2366 1680 2438 indig-

456 2455 616 2552 'rhsffltreet
626 2449 774 2505 nationem
803 2455 834 2505 ot
862 2450 937 2506 iram
967 2452 999 2505 in
1027 2469 1081 2507 nos
1111 2455 1292 2522 retorquere.
1343 2450 1549 2522 Supplicamus
1576 2451 1681 2523 itaque

456 2507 473 2551 ὴ
534 2519 615 2602 ἐξω
627 2533 779 2590 serenitati
797 2540 903 2590 vestrae
922 2553 1022 2590 omnes
1048 2542 1078 2590 et
1104 2535 1216 2607 singuli
1243 2553 1311 2590 oum
1338 2534 1477 2606 lacrymis
1504 2540 1535 2590 et
1552 2536 1678 2606 gemitu,

473 2519 498 2552 01¹

457 2557 583 2705 &¹:2¹ss
627 2624 771 2691 quatenus
790 2618 899 2674 intuitu
917 2618 972 2673 Dei
992 2624 1022 2673 et
1047 2619 1170 2691 gloriosi
1197 2618 1338 2689 martyris
1363 2619 1492 2683 Thomas,
1512 2618 1566 2672 filii
1584 2621 1680 2675 vestri

625 2702 735 2758 domini
753 2702 848 2758 nostri
865 2703 947 2775 regis
966 2703 1092 2774 gratiam
1110 2703 1194 2759 nobis
1212 2703 1359 2775 integram
1377 2709 1408 2757 et
1425 2702 1549 2757 illaesam
1567 2704 1680 2760 curetis

625 2804 816 2852 conservero;
845 2787 954 2842 litteris
972 2787 1090 2852 vestris,
1111 2787 1136 2842 si
1154 2788 1259 2859 placet,
1279 2804 1333 2858 pro
1358 2787 1441 2842 nobis
1466 2786 1678 2858 supplicantes,

626 2877 660 2925 ut
677 2889 730 2941 pro
749 2870 844 2925 salute
862 2870 967 2925 animur
985 2889 1056 2935 suae,
1083 2870 1148 2940 paci
1167 2876 1198 2926 et
1214 2869 1399 2925 indemnitati
1421 2870 1552 2925 ecclesiae
1570 2878 1680 2928 nostrae

626 2954 787 3027 provideat,
807 2973 861 3009 nec
879 2970 944 3009 eam
962 2955 1102 3009 indebitis
1120 2954 1321 3010 vexationibus
1339 2953 1506 3026 perturbari
1524 2955 1679 3012 sustineat

626 3039 704 3094 Filio
721 3039 810 3094 etiam
835 3045 942 3105 vestro,
972 3039 1089 3094 domino
1116 3038 1244 3093 Johanni
1263 3037 1300 3092 de
1330 3037 1504 3102 Moretonio,
1536 3038 1680 3096 similiter

626 3123 733 3179 littoris
751 3123 860 3179 vestris
886 3123 1052 3195 supplicare
1069 3123 1179 3188 velitis,
1199 3128 1234 3178 ut
1250 3139 1304 3194 pro
1328 3122 1412 3177 nobis
1430 3121 1507 3193 apud
1525 3121 1680 3179 dominnm

624 3214 757 3264 nostrum
784 3226 886 3280 regem
903 3214 1002 3280 partes
1031 3226 1100 3264 sues
1123 3206 1299 3279 interponat,
1319 3211 1353 3262 ut
1376 3224 1430 3261 nos
1457 3224 1510 3278 pro
1537 3207 1622 3263 vobis
1649 3215 1681 3265 et

624 3292 824 3349 incolumitate
854 3298 954 3348 vestra
982 3291 1061 3363 apud
1088 3291 1184 3346 Deum
1211 3296 1241 3346 et
1270 3295 1385 3346 sanctos
1411 3289 1542 3346 ecclesias
1567 3298 1679 3349 nesure

625 3383 776 3433 teneamur
794 3375 959 3432 devotiores
978 3376 1113 3431 existere.

487 3645 584 3750 Jffiu
653 3642 899 3699 OOOOLXXIII.
938 3642 1058 3695 Eunusl
1076 3656 1207 3695 urlscoro
1227 3640 1395 3696 Coniunctis
1414 3639 1657 3696 Osnruiuuuusu.

456 3801 504 3846 'rho
515 3806 612 3848 convent
662 3794 832 3850 Deuotionis
871 3793 1069 3848 sinceritatem
1107 3798 1136 3847 et
1172 3791 1254 3862 pium
1284 3790 1492 3861 compassionis
1528 3790 1677 3856 affectum,

457 3853 516 3946 lxiii
534 3863 588 3948 emt,
627 3897 713 3951 quem
733 3879 811 3932 cirea
828 3883 952 3931 matrem
971 3883 1101 3932 vestram
1120 3875 1360 3930 Cantueriensem
1389 3874 1491 3944 geritis
1510 3875 1677 3941 ecclesiam,

455 3954 613 4057 {Jssffigbssmp
626 3963 820 4019 referentibus
838 3962 977 4016 fratribus
995 3961 1103 4015 nostris
1116 3977 1209 4031 nuper
1228 3978 1245 4013 a
1263 3959 1379 4012 domino
1392 3976 1462 4029 rego
1475 3957 1677 4024 redeuntibus,

532 4039 537 4048 ⁴
627 4049 741 4120 plenius
767 4047 968 4117 cognovimus,
997 4046 1067 4099 licet
1092 4044 1128 4098 do
1156 4044 1284 4098 bonitate
1310 4042 1400 4095 animi
1425 4043 1515 4096 uestri
1542 4042 1679 4098 dubitare

626 4152 683 4187 non
700 4133 797 4196 liceat,
818 4149 904 4203 quem
930 4130 1017 4185 toties
1045 4130 1075 4183 in
1094 4128 1280 4198 negotiorum
1299 4134 1463 4182 nostrorum
1483 4127 1677 4196 promotione,

627 4220 690 4289 ipsa
719 4235 840 4288 operum
871 4214 1017 4269 evidentia
1046 4214 1233 4268 manifestius
1264 4211 1432 4266 declaravit.
1480 4210 1565 4265 Unde
1595 4218 1679 4268 tanto

625 4303 708 4359 vobis
727 4302 876 4356 uberiores
904 4307 1038 4354 tenemur
1065 4298 1102 4352 ad
1127 4297 1248 4369 gratias,
1269 4301 1376 4365 quanto
1395 4295 1425 4349 id
1451 4295 1540 4349 nullis
1567 4314 1678 4364 preecc-

625 4387 761 4443 dentibus
788 4384 902 4439 meritis
930 4383 1028 4455 agitis,
1050 4390 1080 4437 et
1105 4400 1140 4436 eo
1167 4381 1303 4451 majorem
1321 4379 1404 4434 vobis
1429 4379 1614 4450 reputabitur
1641 4381 1678 4435 ud

626 4473 761 4544 gloriam,
784 4488 842 4540 quo
868 4469 1019 4540 pauciores
1046 4466 1084 4521 ad
1111 4483 1240 4536 prensens
1265 4464 1415 4527 hebemus,
1446 4464 1497 4533 qui
1523 4463 1570 4517 vel
1596 4465 1677 4521 vices

625 4564 739 4612 nostras
776 4555 901 4617 doleant,
949 4552 995 4605 vel
1033 4551 1161 4605 miserim
1204 4554 1311 4604 nostrie
1348 4549 1474 4617 competi
1509 4546 1676 4604 uideantur.

456 4647 569 4703 Theline
626 4640 751 4695 Noverit
768 4645 866 4693 autern
884 4636 1023 4691 discretio
1042 4641 1149 4695 vestra,
1170 4652 1221 4687 uos
1249 4632 1341 4703 regiis
1369 4632 1469 4702 urgeri
1497 4631 1617 4696 litteris,
1644 4642 1678 4690 ut

455 4699 656 4794 mmmm
681 4724 836 4780 arbitrium
855 4723 1058 4793 opiscoporum
1083 4728 1114 4773 et
1137 4718 1274 4773 abbatum
1299 4723 1385 4771 terrae
1403 4718 1677 4787 compromittamus

456 4800 587 4895 ffiffiw
626 4828 714 4881 super
732 4808 844 4880 capella
871 4807 906 4861 de
925 4805 1052 4860 Lamheo
1077 4809 1108 4858 et
1133 4804 1209 4858 aliis.
1248 4802 1331 4871 Quod
1350 4802 1419 4871 quia
1436 4801 1552 4856 omnino
1571 4802 1679 4859 admit·

455 4900 574 4948 lambese.
624 4901 686 4950 tore
705 4893 904 4957 lormidamus,
930 4909 964 4946 eo
984 4889 1062 4962 qnod
1080 4894 1175 4968 terror
1192 4888 1256 4958 ipse
1274 4885 1427 4958 potestatis
1446 4904 1500 4955 pro
1526 4904 1558 4941 sc
1577 4888 1679 4961 exigat

623 4978 779 5035 arbitrium
811 4977 892 5041 ferri,
932 4972 1080 5031 sanctitati
1116 4977 1222 5027 uestrae
1259 4988 1373 5026 summa
1403 4989 1471 5025 cum
1506 4970 1677 5030 hnmilitate

622 5063 829 5135 supplicemus,
845 5067 988 5130 quintanas
1007 5059 1070 5113 nelo
1089 5057 1207 5128 pietatis
1227 5075 1316 5126 super
1335 5073 1387 5110 nos
1406 5056 1497 5119 ducti,
1518 5058 1674 5124 secretius,
