4192 6392
781 1207 940 1261 umens
963 1203 1169 1258 utunuwlnt.
1459 1202 1501 1264 83

445 1381 553 1433 nesus
583 1376 730 1431 recedere.
781 1377 924 1446 Quoniam
955 1397 989 1434 eo
1020 1397 1115 1450 usque
1145 1381 1341 1451 pervenimus,
1373 1400 1429 1438 nou
1459 1390 1504 1439 est
1530 1403 1586 1449 sn,
1595 1407 1653 1452 11⁸7,

445 1460 576 1516 medium
603 1460 681 1531 quod
708 1461 832 1517 ccclesia
861 1468 968 1528 nostra,
999 1463 1078 1534 quod
1095 1463 1186 1520 ‘Deus
1214 1471 1334 1531 avertat,
1361 1467 1503 1523 violenter

446 1561 499 1599 suo
514 1544 583 1614 jure
601 1545 775 1615 privabitur,
797 1546 841 1600 vel
862 1552 1005 1617 perpetua
1024 1547 1165 1618 gaudebit
1177 1549 1320 1605 libertate.
1359 1550 1502 1608 Dominus

445 1628 496 1699 qui
513 1646 566 1683 vos
585 1628 726 1683 animavit
744 1629 781 1683 ad
793 1647 931 1700 pugnam,
948 1631 1127 1686 laudabilem
1146 1632 1196 1688 det
1210 1633 1291 1689 vobis
1310 1637 1501 1692 constantiam

444 1711 595 1784 usquead
618 1719 752 1769 mortem.
790 1714 871 1768 Bone
889 1715 986 1771 valete
1005 1715 1035 1769 in
1054 1715 1189 1772 Domino.

548 1896 693 1957 xcvm.
731 1899 866 1954 Hasnico
884 1914 952 1954 nuci
972 1900 1142 1956 Couv'snrus
1158 1901 1395 1958 Osnvufflmuus.
1524 1957 1655 2012 mm·

478 2028 591 2083 Praeter
609 2029 780 2100 gravamina
798 2048 864 2100 quae
887 2030 971 2085 nobis
990 2031 1165 2087 venerabilis
1184 2039 1384 2103 pater-noster
1402 2033 1494 2088 domi·
1510 2044 1667 2094 dhemnvent

442 2131 498 2167 nus
524 2112 760 2184 archiepiscopus
787 2114 856 2169 lecit
885 2122 1041 2187 antequam
1072 2117 1313 2183 transfretaretis,
1342 2117 1428 2173 modo
1457 2118 1493 2173 de
1510 2096 1660 2199 i'ssgffim

442 2214 518 2251 novo
536 2198 613 2252 sieut
631 2196 689 2252 alia
706 2198 770 2252 vice
798 2197 971 2253 sublimitati
996 2206 1103 2254 vestrae
1130 2199 1342 2265 mandavimus,
1363 2202 1495 2257 maneria
1509 2196 1642 2294 blisum&

442 2288 550 2347 nostra,
570 2280 647 2335 unde
664 2283 765 2336 vivero
784 2281 933 2347 debemus,
954 2283 1076 2338 saisivit.
1115 2283 1258 2339 Homines
1276 2291 1392 2340 nostros
1410 2286 1495 2340 nobis
1509 2260 1654 2345 sudines

442 2363 573 2429 abstulit,
584 2371 614 2420 et
625 2365 738 2420 auriam
750 2372 896 2431 nostram
917 2372 947 2421 et
965 2376 1060 2423 cartas
1079 2372 1297 2423 antecessorum
1315 2375 1492 2435 vestrorum,
1507 2352 1655 2445 {¹5¹3}de

443 2467 509 2522 quae
532 2450 729 2521 possessiones
749 2456 778 2506 et
804 2450 955 2505 libertates
980 2458 1095 2507 nostras
1113 2453 1197 2509 nobis
1215 2453 1397 2520 confirmant,
1418 2448 1623 2545 sieutgtpirgri·

442 2533 669 2607 archiepiscopis
687 2534 795 2589 nostris
815 2552 892 2599 suas,
907 2541 937 2590 et
955 2542 1057 2590 eontra
1074 2554 1126 2592 vos
1145 2537 1281 2601 maxime,
1298 2538 1348 2608 qui
1367 2556 1417 2593 eas
1435 2557 1494 2593 uon
1539 2512 1598 2552 Μ’

443 2618 642 2672 tautummodo
651 2619 844 2673 confirmastis
857 2619 910 2673 sed
921 2620 1054 2676 auxistis.
1079 2621 1194 2690 Itaque,
1205 2621 1356 2676 carissime
1370 2623 1495 2688 domine,

442 2701 640 2773 supplicamus
661 2702 840 2758 excellentiae
859 2710 966 2758 vestrm
992 2709 1146 2774 quatenus,
1168 2722 1222 2775 pro
1239 2707 1406 2760 reverentia
1426 2707 1493 2772 Dei,

442 2792 473 2841 et
489 2793 656 2842 sanctorum
674 2805 798 2858 quorum
824 2805 946 2858 corpora
971 2787 1002 2840 in
1029 2794 1129 2843 nostra
1153 2788 1343 2859 requiescunt
1360 2789 1494 2854 ecclesia,

442 2875 550 2926 statum
568 2876 701 2926 nostrum
720 2888 807 2942 quem
832 2877 893 2925 toto
919 2877 1050 2942 tempore
1075 2875 1176 2926 nostro
1200 2871 1358 2927 habuimus
1382 2872 1414 2926 in
1432 2890 1497 2944 pos·

442 2953 620 3009 sessionibus
639 2960 669 3008 et
686 2954 881 3019 libertatibus,
896 2962 927 3010 et
944 2955 1120 3010 advocamus
1139 2971 1192 3027 per
1205 2954 1302 3009 Deum
1320 2962 1351 3011 et
1368 2974 1421 3027 per
1432 2975 1495 3023 vos,

442 3055 494 3093 nos
512 3037 620 3092 habore
640 3038 772 3104 faciatis3
793 3047 823 3093 et
842 3038 919 3109 quod
939 3043 998 3093 tam
1027 3038 1100 3093 bene
1128 3039 1269 3094 servastis
1297 3057 1391 3110 usque
1409 3059 1495 3105 nunc,

441 3140 498 3177 non
523 3121 674 3193 patiamini
698 3121 785 3176 modo
811 3122 955 3194 deperire,
976 3140 1029 3177 nec
1056 3123 1093 3177 ad
1121 3123 1248 3195 alicujus
1275 3125 1496 3195 suggestionem

443 3205 505 3259 lieri
524 3205 711 3262 consentiatis
730 3206 844 3278 aliquid
862 3205 941 3277 quod
959 3211 1062 3261 contra
1079 3206 1220 3262 honorem
1238 3213 1372 3263 vestrum
1390 3209 1430 3264 sit
1448 3210 1495 3264 vel

442 3289 576 3347 salutem.
614 3290 678 3345 Rex
698 3290 823 3362 justitiae
841 3291 934 3346 vitam
952 3296 1083 3346 vestram
1108 3295 1263 3348 conservet
1288 3309 1380 3362 regno
1398 3299 1497 3349 vestro

442 3375 473 3430 in
490 3381 622 3447 tempora
638 3375 736 3450 longa.

566 3556 676 3613 XCIX.
714 3557 868 3612 Huxuicvs
887 3571 944 3610 nex
963 3555 1130 3611 eost-usum
1150 3553 1374 3610 Cssrusmsssl.
1525 3585 1648 3634 mum,

477 3688 535 3744 Pro
563 3690 740 3761 praecedenti
770 3690 827 3746 isto
857 3689 993 3743 mandato
1024 3697 1123 3743 vostro
1154 3706 1242 3760 super
1272 3686 1493 3760 gravaminibus
1506 3636 1649 3784 {ffw'

442 3773 518 3827 unde
536 3774 686 3845 conquesti
711 3773 791 3837 estis,
813 3774 1001 3829 convenimus
1030 3773 1181 3826 dominum
1199 3771 1401 3826 Baldevinum
1420 3771 1494 3826 Gan·
1506 3770 1618 3865 uhetling

441 3857 619 3913 tuan'ensem
634 3858 897 3929 arehiepiscopum,
911 3876 929 3912 a
941 3875 999 3928 quo
1011 3857 1177 3926 accepimus
1190 3856 1397 3911 conscientiam
1410 3872 1493 3911 suam
1505 3863 1583 3907 writes
1591 3867 1616 3907 te
1624 3865 1666 3910 tus

441 3958 509 3997 eum
527 3960 583 3997 nou
602 3943 777 4008 remordere,
799 3942 877 4013 quod
895 3943 926 3996 in
944 3943 1043 4014 aliquo
1062 3958 1114 3996 vos
1134 3941 1296 3996 offenderit.
1337 3939 1432 4011 Super
1455 3940 1493 3994 iis
1505 3914 1664 4011 {ww

441 4033 539 4082 autem
556 4027 634 4081 undo
661 4027 875 4099 querimoniam
900 4026 1042 4081 adversus
1069 4042 1137 4080 eum
1156 4024 1311 4095 deponitis,
1332 4024 1438 4080 asserit
1462 4040 1493 4078 se
1506 4014 1650 4120 fflfflss

441 4109 478 4165 ad
495 4111 649 4165 consilium
661 4111 864 4183 episcoporum
883 4115 913 4164 et
925 4109 1062 4164 abbatum
1076 4115 1106 4165 et
1123 4108 1195 4164 cleri
1214 4115 1244 4163 et
1256 4109 1345 4163 etiam
1361 4112 1494 4163 uestrum
1506 4117 1563 4159 aeto
1572 4117 1635 4161 their

441 4194 618 4251 habiturum.
663 4195 750 4250 Nunc
776 4212 848 4265 ergo
873 4193 1019 4249 mittimus
1051 4192 1088 4248 ad
1117 4211 1170 4248 vos
1197 4192 1357 4263 Hugoucm
1381 4190 1493 4247 Ooveu·
1506 4167 1656 4267 fflffiffl

440 4286 567 4335 trensem
607 4279 742 4343 electum,
775 4278 943 4350 apostolica
979 4277 1058 4333 sedis
1095 4277 1237 4346 legatum,
1270 4282 1300 4331 et
1330 4274 1492 4331 Johannem
1505 4266 1592 4313 sunm.

441 4362 668 4427 Nervicensem,
696 4370 725 4417 et
745 4363 928 4418 Willelmum
947 4359 1184 4431 wigorniensem
1209 4360 1370 4430 episcopos,
1389 4367 1425 4413 ut
1450 4358 1492 4412 in·
1505 4358 1619 4413 uuekiag

441 4448 557 4517 quirunt
582 4464 601 4501 a
627 4447 710 4503 vobis
738 4447 774 4501 de
802 4446 910 4518 quibus
938 4463 956 4500 a
981 4445 1104 4516 praefato
1129 4444 1346 4514 archiepiscopo
1376 4441 1491 4511 gravati
1505 4409 1653 4512 iffiptffi‘iot

440 4531 521 4595 estis,
540 4538 571 4586 et
596 4549 648 4586 vos
676 4531 774 4586 omnia
801 4530 974 4601 gravamina
992 4535 1092 4583 vestra
1116 4529 1159 4582 eis
1186 4526 1345 4597 exponatis,
1364 4524 1438 4595 ipsis
1459 4510 1649 4604 utfflffinffi

440 4613 620 4670 innotescant
644 4615 681 4670 ad
709 4632 743 4669 ea
766 4615 850 4669 nobis
876 4613 1052 4685 exponenda.
1089 4612 1129 4666 Et
1154 4611 1180 4666 si
1198 4611 1247 4666 via
1272 4607 1490 4680 compositionis
1501 4610 1610 4705 {powg
1650 4663 1660 4707 1

439 4697 565 4752 inveniri
582 4705 688 4771 potest,
709 4715 809 4752 eorum
836 4697 958 4752 consilio
983 4695 1021 4751 ad
1046 4712 1148 4766 paoem
1176 4701 1207 4750 et
1230 4694 1415 4750 concordiam
1440 4673 1661 4757 ,d.w‘3,',‘,'g§„2'¹,‘,

440 4781 607 4852 quiescatis.
646 4783 690 4837 De
709 4780 855 4837 discordia
873 4781 951 4835 enirn
968 4780 1098 4851 plurima
1115 4779 1350 4835 inconvenientia
1367 4782 1489 4850 possunt
1501 4764 1650 4816 mmm·

439 4882 600 4937 emergere,
632 4872 662 4921 ot
688 4867 752 4937 jam
788 4865 922 4937 (rumdam
952 4870 1144 4929 emerserunt,
1177 4881 1243 4935 quta
1280 4862 1488 4917 detrimentum

439 4948 557 5004 honoris
575 4955 605 5004 et
623 4948 775 5020 diguitatis
793 4955 901 5004 nostrie
929 4955 959 5004 et
976 4949 1061 5019 regui
1079 4948 1172 5004 nostri
1191 4946 1373 5016 contingunt.
1410 4943 1489 4999 Nam

439 5050 508 5088 eum
534 5033 658 5088 eeclesia
680 5040 780 5091 vestra
806 5034 843 5088 de
868 5033 977 5088 ditione
1003 5038 1103 5089 nostra
1130 5032 1178 5096 sit,
1205 5030 1288 5085 nobie
1316 5028 1489 5084 inconsultis
1527 5054 1631 5101 mm

439 5122 471 5172 et
487 5115 700 5188 ignorantibus,
723 5124 754 5174 et
778 5117 888 5188 absque
907 5117 1026 5174 licentia
1050 5121 1158 5184 nostra,
1178 5112 1382 5171 transfretavit
1408 5112 1488 5185 prior

1289 5201 1354 5263 rt
